3240 5478
800 547 1022 608 ..44-

301 724 395 788 finita
417 723 672 806 subcriptionem
703 724 896 786 archontum
927 733 1014 788 certe
1046 744 1112 788 non
1135 724 1305 806 poscebat.
1346 723 1414 789 Sed
1437 725 1545 808 longe

305 813 397 877 aliter
419 833 471 875 res
495 832 530 874 se
555 812 700 876 habebat
723 815 957 896 provocatione
980 833 1045 874 non
1068 811 1164 889 iacta,
1190 815 1394 877 documentis
1411 813 1544 896 litigan-

302 903 393 966 tibus
424 901 571 969 redditis.
611 901 696 964 Tum
721 921 840 965 causae
863 903 933 965 finis
956 903 1130 984 impositus
1153 911 1239 980 erat,
1270 911 1339 967 tum
1362 903 1545 966 archontes

306 991 505 1056 sententiam
528 990 638 1053 arbitri
669 993 737 1054 sine
762 990 861 1054 dubio
886 992 1017 1074 ἡγεμόνι
1051 999 1146 1054 antea
1170 999 1332 1054 ostentam
1363 991 1406 1054 ab
1431 1012 1546 1074 eoque

307 1080 524 1163 subscriptam
537 1080 656 1142 eodem
671 1081 724 1144 die
738 1081 869 1142 nomine
882 1099 941 1142 suo
957 1079 1155 1145 sanciebant.
1169 1081 1262 1144 Idem
1275 1081 1394 1144 servari
1407 1082 1544 1144 solitum

305 1189 381 1232 esse
404 1169 548 1248 videtur,
579 1171 605 1231 si
629 1171 699 1251 quis
724 1169 765 1232 ab
789 1169 910 1232 arbitro
945 1168 1065 1234 absens
1081 1169 1321 1233 condemnatus
1344 1178 1429 1245 erat,
1466 1191 1546 1232 curn

306 1260 391 1322 intra
415 1257 531 1320 decem
547 1257 627 1336 dies,
652 1257 792 1321 velletne
809 1259 1042 1340 provocatione
1066 1259 1121 1338 uti,
1149 1259 1306 1323 incertum
1331 1267 1425 1322 esset.
1469 1259 1547 1321 Huc

308 1349 474 1429 pertinent
497 1345 551 1408 illa
574 1346 704 1428 Ulpiani
727 1347 829 1410 verba
852 1367 950 1429 supra
973 1348 1081 1416 citata.
1115 1346 1219 1430 Apud
1241 1347 1510 1410 Demosthenem
1522 1349 1545 1430 1)

306 1437 420 1500 Strato
444 1435 608 1498 arbitrium
632 1438 664 1499 in
687 1457 787 1499 causa
810 1437 1015 1520 κακηγορίας,
1041 1456 1124 1518 quae
1140 1437 1183 1498 ad
1199 1436 1305 1498 lorum
1320 1437 1382 1500 XL
1397 1439 1546 1500 virorum

307 1525 504 1608 pertinebat,
520 1526 763 1606 pronuntiatum
780 1525 899 1590 eodem
917 1526 970 1587 die
984 1525 1196 1588 archontibus
1213 1526 1329 1589 reddit.
1354 1525 1408 1587 Eis
1422 1527 1546 1590 Midias

306 1615 547 1678 condemnatus
571 1614 771 1695 persuadere
787 1614 906 1687 studet,
932 1623 967 1676 ut
987 1614 1154 1677 arbitrium
1171 1617 1202 1676 in
1218 1611 1356 1677 formam
1372 1614 1434 1678 sibi
1449 1636 1544 1698 pros-

309 1723 424 1785 peram
448 1703 723 1766 transscriberent
746 1712 780 1766 et
803 1703 1038 1765 subscribendo
1062 1712 1167 1766 ratum
1191 1703 1375 1766 redderent.

354 1793 483 1854 Eodem
509 1791 562 1853 die
586 1793 683 1854 etiam
701 1792 834 1855 echinos
858 1791 1101 1873 magistratibus
1123 1793 1305 1856 tradendos
1321 1791 1419 1856 luisse
1435 1794 1542 1855 mani·

307 1882 427 1944 festum
444 1888 503 1954 est,
522 1883 669 1961 quamvis
686 1901 788 1962 saepe
804 1901 876 1944 eam
892 1880 1000 1962 legem
1016 1881 1138 1944 laesam
1155 1901 1229 1944 esse
1245 1882 1442 1958 existimem,
1468 1902 1544 1943 cum

311 1971 486 2048 accideret,
522 1978 557 2031 ut
579 1969 661 2032 hora
684 1970 806 2033 arbitrii
830 1991 849 2032 a
873 1970 1019 2051 partibus
1042 1969 1243 2050 litigantibus
1260 1988 1364 2054 usque
1394 1971 1438 2033 ad
1467 1971 1545 2032 mul-

308 2070 379 2142 tam
403 2067 536 2121 noctem
560 2057 815 2143 retardaretur2).
853 2059 934 2122 Cum
957 2075 1037 2142 ergo
1060 2068 1192 2140 tempus
1216 2060 1349 2123 deesset
1372 2061 1416 2122 ad
1440 2061 1545 2141 magi-

311 2157 441 2226 stratus,
466 2149 522 2230 qui
545 2167 684 2228 vespere
709 2149 843 2211 domum
867 2149 1038 2223 redierant,
1064 2147 1245 2228 adeundos,
1270 2150 1356 2211 diem
1373 2149 1545 2231 insequen-

311 2249 379 2301 tem
403 2244 581 2319 expectare
605 2257 739 2300 necesse
762 2246 841 2306 erat.

357 2327 451 2388 Haec
466 2325 533 2388 fere
551 2327 593 2390 de
609 2327 848 2407 subscriptione
865 2326 985 2388 arbitrii
998 2326 1138 2389 dicenda
1155 2334 1243 2404 sunt;
1262 2327 1323 2389 sed
1334 2326 1544 2391 intermitten-

313 2416 403 2480 tibus
425 2413 569 2478 fontibus
604 2416 804 2498 antiquitatis
827 2414 1006 2499 periculum
1030 2424 1091 2492 est,
1127 2435 1168 2477 ne
1191 2416 1386 2478 coniecturis
1410 2417 1545 2478 nimium

312 2506 456 2586 spatium
481 2505 691 2568 concedatur.
739 2505 835 2568 Nunc
869 2504 996 2586 singula
1020 2506 1182 2586 quaedam
1214 2505 1343 2568 adicere
1366 2503 1472 2566 liceat.

359 2593 392 2656 A
422 2593 540 2655 iudicio
572 2593 632 2655 XL
666 2595 807 2656 virorum
831 2595 863 2655 in
894 2594 990 2656 rebus
1022 2593 1152 2655 minoris
1183 2613 1280 2674 quam
1317 2593 1349 2656 X
1380 2593 1545 2656 drachmis

312 2683 491 2745 aestimatis
515 2685 709 2763 provocatio
741 2703 805 2744 non
828 2684 975 2763 patebat.
1001 2683 1101 2764 Quod
1132 2683 1262 2746 Hubert
1285 2679 1329 2768 (p.
1346 2681 1400 2767 37)
1430 2692 1544 2745 contra

312 2773 469 2834 Meierum
493 2769 535 2857 (p.
566 2769 676 2856 rubo)
700 2769 879 2856 obtinuitl).

358 2861 450 2922 Idem
466 2860 657 2924 Aristotelis
672 2861 781 2924 verbis
798 2861 1039 2943 comprobatur,
1057 2880 1142 2943 quae
1158 2880 1230 2941 cap.
1241 2859 1283 2922 53
1307 2858 1326 2945 ξ
1341 2860 1359 2921 2
1376 2859 1542 2941 leguntur:

311 2951 419 3014 καὶτὰ
435 2950 496 3032 μὲν
512 2950 608 3032 μέχρι
624 2951 702 3012 δέκα
717 2950 875 3032 δραχμῶν
891 2951 1130 3019 αὐτοτελεῖς
1152 2951 1209 3012 εἰσι
1225 2950 1351 3030 κρίνειν,
1376 2949 1413 3013 τὰ
1431 2949 1544 3028 δ’ὑπὲρ

312 3039 464 3103 ταῦτατὸ
487 3040 610 3122 τίμημα
633 3046 698 3107 τοῖς
721 3039 889 3122 διαιτηταῖς
913 3039 1156 3119 παραδιδόασιν,

356 3129 462 3190 Etiam
487 3128 529 3189 de
560 3147 696 3190 numero
720 3128 863 3190 iudicum
887 3128 1150 3207 heliasticorum‚
1193 3129 1247 3209 qui
1278 3147 1332 3190 res
1365 3128 1409 3189 ad
1439 3121 1543 3189 forum

313 3218 377 3280 XL
389 3218 528 3279 virorum
542 3219 741 3297 pertinentes
765 3218 997 3298 provocatione
1021 3216 1106 3279 iacta
1129 3217 1324 3292 iudicabant,
1350 3216 1544 3279 Aristoteles

317 3305 400 3392 (cap.
426 3305 478 3385 53,
504 3306 536 3388 3)
560 3325 621 3367 nos
646 3306 759 3368 docuit
783 3307 832 3368 his
855 3307 981 3371 verbis:
1007 3309 1037 3369 οἳ
1061 3305 1128 3391 δὲδ)
1153 3306 1211 3386 (se.
1227 3307 1257 3369 οἱ
1279 3307 1336 3389 τὴν
1360 3306 1465 3388 φυλὴν
1490 3311 1544 3368 τοῦ

313 3398 488 3478 φεύγοντος
510 3393 701 3480 δικάζοντες)
730 3396 970 3477 παραλαβόντες
999 3397 1176 3476 εἰσάγουσιν
1206 3397 1249 3464 είς
1271 3395 1306 3458 τὸ
1331 3395 1543 3478 δικαστήριον,

314 3485 352 3547 τὰ
376 3484 437 3567 μὲν
462 3484 550 3553 ἕντδς
572 3485 682 3564 χιλίων
714 3486 758 3553 είς
789 3486 844 3547 ἕνα
875 3486 929 3548 καί
953 3486 1146 3558 διακοσίους,
1179 3484 1216 3546 τὰ
1242 3478 1354 3564 δ’ὑπὲρ
1378 3485 1481 3564 χιλίας
1505 3485 1545 3552 εἰς

315 3576 370 3636 ἕνα
382 3574 436 3636 καί
452 3572 711 3653 τετρακοσίουςῡ).
726 3571 853 3636 Scimus
866 3575 972 3654 igitur,
987 3583 1069 3657 quot
1080 3574 1203 3637 iudices
1226 3573 1260 3637 in
1273 3573 1382 3635 causis
1395 3573 1543 3654 Aphobi,

316 3662 492 3741 Timothei,
508 3663 614 3740 Bdoti,
633 3661 778 3743 Spudiae
794 3661 920 3726 fuerint.
945 3662 1039 3743 Quae
1054 3683 1166 3726 omnes
1194 3681 1313 3724 causae
1329 3662 1430 3744 pluris
1447 3681 1542 3743 quam

317 3751 404 3815 mille
430 3751 594 3814 drachmis
618 3754 808 3815 aestimatae
833 3761 934 3819 erant.

362 3840 557 3902 Aristoteles
573 3850 644 3903 tum
661 3841 708 3903 sic
724 3843 847 3923 pergit:
878 3841 946 3905 Οὐκ
971 3842 1067 3918 ἔξεστι
1092 3840 1191 3904 δὀὔτε
1213 3841 1327 3922 νόμοις
1351 3841 1421 3902 οὔτε
1445 3863 1543 3920 πρασ-

316 3931 445 4014 κλησεσι
468 3932 539 3993 οὔτε
561 3931 749 4011 μαρτυρίαις
762 3931 850 4013 ἀλλ’ἢ
861 3937 927 4000 ταῖς
950 3930 1039 4012 παρὰ
1062 3937 1118 3994 τοῦ
1143 3931 1300 4013 διαιτητοῦ
1316 3930 1457 4011 χρῆσθαι
1480 3935 1544 3996 ταῖς

316 4022 360 4090 εἷς
382 4019 456 4088 τοὺς
480 4019 604 4099 ἐχίνους
628 4019 891 4102 ἐμβεβλημένας.
931 4020 991 4082 His
1021 4018 1128 4080 verbis
1152 4018 1228 4081 nihil
1252 4020 1329 4080 novi
1352 4018 1542 4092 continetur,

353 4254 376 4387 ¹2)
396 4253 434 4374 ο.

354 4393 378 4531 ll
396 4396 417 4444 C

418 4395 435 4446 s.
455 4394 567 4459 Lipsius,
586 4395 620 4443 D.
641 4403 687 4445 att.
706 4392 793 4444 Proc.²
811 4411 837 4460 p.
856 4395 899 4456 93,
918 4396 976 4445 adn.
999 4395 1056 4446 148.

399 4464 434 4518 Οἳ
450 4462 479 4514 δὲ
498 4465 563 4514 lalso
582 4467 606 4514 in
626 4468 669 4515 ed.
689 4466 721 4515 G.
742 4467 836 4516 Kaibel
856 4474 881 4514 et
899 4466 929 4518 U.
949 4467 982 4514 de
1002 4465 1351 4515 Wilamowitz-Mdllendorff
1366 4462 1466 4526 legitur.

366 4538 376 4603 )
396 4538 435 4588 Cf.
455 4537 568 4601 Lipsius,
588 4538 704 4587 Berichte
724 4545 773 4588 etc.
793 4555 818 4603 p.
839 4539 881 4590 56.
900 4537 989 4586 Busolt
1008 4554 1034 4602 p.
1054 4535 1143 4600 271l2.
