3240 5478
604 613 649 626 ..a-
696 574 829 637 43...-

142 753 208 816 Sed
232 755 400 835 eiigirror,
438 755 492 834 qui
516 753 752 834 provocatione
775 753 863 815 tacta
886 753 1160 834 obsignabantur,
1201 752 1242 815 ab
1267 751 1332 814 illis

94 844 214 906 diversi
237 843 336 905 luisse
360 843 519 920 videntur,
535 842 537 846 ’
552 843 605 922 qui
629 843 661 902 in
686 842 821 920 synodis
854 841 1046 905 arbitrorum
1071 850 1202 924 praesto
1226 843 1333 921 erant,

93 933 150 994 ubi
173 932 368 1013 litigantium
394 933 592 1001 documenta
615 932 845 998 conderentur,
871 931 971 1012 Quod
994 951 1060 994 non
1084 931 1188 993 solum
1212 930 1326 992 ultimo

94 1021 129 1082 in
153 1030 312 1083 conventu
344 1029 419 1082 ante
451 1021 636 1082 sententiae
666 1020 982 1101 pronuntiationem,
1014 1029 1050 1081 ut
1073 1021 1202 1082 Hubert
1212 1019 1235 1105 1)
1266 1018 1327 1080 sibi

94 1111 219 1191 fingere
241 1111 378 1185 videtur,
403 1110 470 1172 fieri
493 1117 633 1189 poterat,
657 1109 722 1170 sed·
741 1108 892 1171 omnibus
918 1109 1041 1184 diebuS,
1076 1109 1192 1190 quibus
1216 1117 1332 1188 partes

93 1200 186 1278 apud
210 1200 365 1262 arbitrum
389 1199 433 1260 ad
457 1219 590 1260 causam
607 1197 826 1260 instruendam
843 1195 1031 1283 (ἀνάκρισιν)
1049 1195 1330 1281 conveniebant2).v

95 1287 231 1369 Singula
248 1291 454 1366 documenta,
480 1288 674 1366 simulatque
691 1287 787 1348 allata
810 1295 843 1349 et
863 1287 905 1348 ab
929 1288 1050 1350 arbitro
1067 1287 1200 1368 cognita
1224 1293 1325 1364 erant,

90 1378 124 1439 in
149 1379 273 1458 ἐχίνους
296 1377 518 1444 iniciebantur.
553 1375 632 1436 Inde
656 1375 823 1440 dicebatur
844 1378 1023 1457 μαρτυρίαν
1041 1373 1325 1460 ἶέμβαλέσθαιῧβ

91 1473 265 1548 μαρτυρεῖν
288 1468 306 1536 i,
326 1487 354 1530 e.
377 1465 599 1528 testimonium
620 1473 786 1544 praestare
803 1474 836 1527 et
851 1466 960 1526 statim
977 1466 1008 1526 in
1025 1465 1180 1527 echinum·
1193 1465 1326 1528 alterius

91 1556 197 1636 partis
220 1556 339 1618 inicere
363 1555 414 1620 vel
438 1555 636 1616 iniciendum
661 1573 782 1617 curare.
808 1554 877 1616 Eos
895 1563 1004 1616 autem
1028 1553 1162 1616 echinos
1186 1553 1326 1616 arbitros

91 1645 250 1714 clausisse
282 1655 315 1715 et
346 1643 562 1706 custodivisse
593 1651 851 1705 consentaneum
883 1656 941 1707 est.
985 1643 1051 1706 Sed
1075 1663 1149 1704 cum
1172 1651 1326 1706 auctores

90 1735 197 1796 nostri
227 1734 259 1794 in
291 1753 331 1796 eo
356 1733 569 1815 consentiant,
601 1739 636 1792 ut
659 1733 974 1812 provocatione
998 1727 1112 1793 sacta
1136 1740 1176 1793 et
1201 1733 1323 1794 docu·

90 1823 289 1884 ment-ain
307 1821 479 1884 echinos
497 1822 716 1886 iniectaet
740 1819 919 1883 echinos
943 1821 1204 1902 obsignatos
1228 1841 1322 1884 esse

91 1911 247 1986 doceant,
272 1911 335 1972 hos
352 1910 489 1973 echinos
513 1908 594 1971 alios
612 1928 686 1970 esse
703 1929 742 1970 ac
766 1929 834 1987 eos,
860 1929 942 1990 quos
958 1930 1056 1990 supra
1073 1910 1149 1989 dixi,
1168 1908 1321 1978 efficitur,

86 2000 206 2083 Itaque
231 2003 258 2063 si
282 2001 362 2066 alter
386 2001 577 2068 certantium
602 2008 850 2078 provocaverat,
874 1999 938 2061 litis
962 2000 1175 2061 instrumenta
1197 2019 1241 2060 ex
1261 1998 1324 2060 illis

90 2089 216 2151 cotidie
240 2089 366 2151 usitatis
389 2088 618 2150 eximebantur
638 2095 671 2149 et
687 2087 805 2166 denuo,
831 2108 872 2150 ne
897 2089 976 2168 quid
1001 2088 1142 2167 deesset,
1167 2088 1323 2167 perpicie-

89 2179 219 2240 bantur.
274 2179 358 2249 Tum
384 2177 482 2258 ,novis
503 2177 638 2238 echinis
670 2176 906 2242 condebantur.
947 2177 1002 2240 Sin
1033 2179 1226 2258 provocatio
1257 2196 1322 2238 non

89 2267 205 2343 fiebat,
240 2267 361 2330 arbiter
394 2267 521 2346 utrique
556 2265 754 2326 documenta
788 2285 847 2338 sua
870 2265 1040 2340 reddebat,
1076 2266 1183 2328 isdem
1213 2274 1326 2327 autem·

90 2356 216 2418 echinis
239 2365 272 2417 et
295 2357 326 2417 in
350 2356 419 2418 aliis
443 2355 549 2416 causis
574 2353 735 2416 utebatur.

138 2461 238 2542 Quod
262 2481 340 2524 vero
371 2461 709 2542 ααὺιιαγραφὴνιῆς
732 2459 850 2543 διαίτης
880 2461 1012 2539 attinet,
1051 2479 1092 2521 ne
1124 2461 1157 2522 id
1189 2457 1321 2543 quidem

89 2547 270 2636 Hubertol)
286 2550 435 2612 assentiri
449 2544 599 2631 possum,
620 2549 791 2610 Habemus
810 2550 1055 2612 adnotationem
1073 2548 1203 2630 Ulpiani
1219 2547 1322 2630 gram·

84 2641 201 2702 'matici
221 2641 263 2701 ad
282 2637 363 2707 Mid.
377 2637 399 2722 ξ
412 2640 454 2711 as
472 2638 600 2720 (psam,
617 2636 663 2722 2):
694 2639 755 2700 ἔδει
766 2641 823 2720 τὴν
839 2638 1051 2721 ὁιαιτηθεῖσαν
1075 2638 1167 2721 δίκην
1182 2631 1322 2720 ὑπογρα-

90 2737 191 2810 φῆναι
214 2729 305 2810 παρὰ
326 2720 391 2794 τῶν
415 2728 590 2808 ἀρχόντων.
617 2726 752 2802 Hubert,
777 2747 850 2788 cum
874 2747 972 2808 supra
989 2728 1132 2805 dixisset,
1156 2726 1321 2807 arbitrium

90 2817 206 2879 litteris
230 2818 453 2897 conscriptum
477 2838 497 2877 a
520 2816 713 2897 magistratu
729 2816 949 2897 subscriptum
975 2835 1055 2889 esse,
1082 2836 1125 2877 ex
1140 2815 1190 2894 his
1213 2816 1321 2878 verbis

92 2905 289 2969 concludere
305 2905 415 2984 voluit,
434 2927 453 2967 a
469 2906 658 2986 magistratu
675 2898 805 2967 demum
822 2905 989 2966 arbitrium
1005 2905 1117 2968 litteris
1134 2906 1322 2966 mandatum

91 3016 178 3058 esse.
241 2995 341 3076 Quod
381 2995 459 3056 mihi
503 3015 544 3055 ne
589 3002 657 3054 tum
693 2995 825 3076 quidem
863 2993 1025 3074 placeret,
1065 2996 1091 3056 si
1128 2994 1322 3056 Aristoteles

91 3105 161 3146 rem
185 3085 385 3164 praeteriret.
433 3084 528 3145 Nunc
559 3091 667 3144 autem
700 3083 793 3158 dicit,
829 3082 982 3145 arbitrum
1014 3085 1208 3146 sententiam
1231 3103 1322 3144 suam

90 3175 303 3256 γραμματείῳ
327 3173 526 3254 inscripsisse
551 3181 584 3233 et
607 3171 697 3233 alteri
721 3172 837 3234 echino
862 3167 1012 3254 (fortasse
1037 3170 1094 3258 rei)
1113 3172 1321 3257 annexisse5).

91 3261 147 3324 Sic
179 3281 229 3324 res
264 3263 305 3324 ad
340 3261 509 3346 ἡγεμόναθ)
541 3260 604 3342 (vel
636 3261 826 3340 εἰσαγωγέα;
866 3259 905 3327 cf.
930 3261 1032 3342 Harp,
1057 3282 1082 3326 s.
1107 3283 1136 3322 v.
1162 3260 1329 3346 διαιτηταί),

91 3349 188 3414 rediit
212 3351 254 3412 ad
278 3351 400 3412 iudices
435 3351 622 3414 heliasticos
651 3348 796 3413 serenda.
828 3350 901 3412 Hoc
925 3349 1041 3425 fiebat,
1074 3350 1100 3410 si
1132 3353 1322 3412 certantium

90 3439 175 3502 alter
190 3440 233 3500 ad
249 3440 516 3520 provocationem
541 3437 742 3518 confugerat.
762 3438 870 3519 Quam
888 3440 1099 3520 magistratui,
1118 3459 1183 3500 non
1200 3439 1321 3502 arbitro

89 3531 307 3591 renuntiatam
339 3548 412 3590 esse
443 3528 591 3589 Huberto
623 3527 823 3607 probabilius
854 3529 959 3589 visum
992 3536 1052 3596 est.
1092 3526 1159 3590 Sed
1184 3529 1209 3590 si
1233 3537 1325 3591 recta

89 3626 178 3695 sunt,
209 3637 295 3698 quae
325 3637 424 3698 supra
448 3617 691 3698 disputavimus
721 3615 842 3678 arbitro
867 3617 974 3698 ἔφεσις
997 3617 1081 3678 illico
1106 3617 1322 3680 nuntiabatur.

90 3706 315 3786 Magistratus,
341 3727 414 3768 cum
438 3705 559 3768 arbiter
583 3705 717 3768 echinos
742 3714 774 3767 et
788 3705 952 3766 arbitrium
969 3705 1239 3768 subscribendum
1263 3715 1324 3768 tra-

92 3797 207 3879 deret,
240 3795 281 3857 de
305 3795 541 3876 provocatione
566 3797 684 3856 certior
704 3794 816 3870 fiebat,
860 3794 1031 3858 Eiusmodi
1056 3815 1155 3856 causa
1178 3796 1322 3857 nondum

132 4078 141 4108 1

130 4079 155 4215 ἓξ
172 4081 307 4204 1lbebiror.
325 4153 360 4199 49
379 4151 395 4217 ξ
415 4152 448 4200 65
468 4153 540 4200 aliter
558 4152 679 4214 explicari
699 4167 750 4199 nou
769 4158 862 4216 potest.
893 4152 931 4200 Cf.
952 4153 985 4203 D.
1006 4158 1049 4200 atr.
1069 4149 1162 4215 1)ιοοὲΙ
1180 4168 1214 4215 p.
1234 4151 1324 4218 vossss,

92 4223 218 4286 imprimis
237 4239 263 4286 p.
283 4223 343 4272 904.

131 4290 153 4359 18)
174 4296 247 4343 Dem.
269 4310 307 4344 or.
328 4295 361 4343 27
381 4291 414 4361 ᾗῇ
434 4294 478 4355 51,
498 4293 531 4341 54
551 4301 602 4345 ete.

130 4363 152 4430 ι)
171 4383 197 4430 Ρ.
216 4366 270 4416 44..

131 4433 154 4501 ⁶)
173 4436 327 4486 Aristoteles
344 4432 568 4499 πρασαρτήιιαντεν
587 4435 704 4484 absolute
723 4436 791 4486 dicit.

129 4505 324 4588 ⁵)UAristoteles
350 4523 405 4571 cap.
425 4508 458 4556 53
478 4523 566 4570 parum
592 4514 710 4555 accurate
738 4523 785 4570 pro
813 4506 929 4554 omnibus
955 4503 1078 4570 ἡγεμόσιν
1098 4508 1168 4556 solos
1187 4509 1233 4557 XL
1253 4512 1328 4562 viros-

93 4587 218 4630 nominat.
