3240 5478
792 556 1013 618 ..18-

286 727 381 806 LIII,
406 728 495 810 quod
520 729 562 791 de
585 728 712 791 arbitris
736 737 797 807 est,
822 728 937 791 sedin
961 748 1033 808 cap.
1051 727 1122 796 LV.
1143 726 1210 812 §fn
1234 728 1288 790 ubi
1313 728 1355 790 de
1377 727 1515 789 archon-

284 824 355 878 tum
378 817 581 879 iureiurando
604 817 752 899 loquitur,
788 826 822 880 et
844 817 1037 880 arbitrorum
1061 818 1258 880 mentionem
1289 816 1376 880 facit.
1399 815 1515 879 Verba

288 913 398 968 autem
422 907 491 968 eius
514 915 589 968 sunt
612 907 710 968 haec:
1590 915 1591 918 ’

332 995 580 1077 δοκιμασθέντες
604 995 638 1057 δὲ
660 1001 772 1058 τοῦτον
795 994 849 1058 τὸν
881 995 1002 1076 τρόπον
1024 995 1189 1077 βαδίζουσι
1220 993 1304 1076 πρὸς
1326 993 1381 1057 τὸν
1408 994 1513 1066 λίθον,

285 1082 342 1166 ὑφ’
368 1081 397 1165 ᾧ
422 1083 459 1147 τὰ
482 1084 563 1166 τόμί
587 1078 677 1156 ἐστίν,
701 1078 793 1165 ἒφόὗ
817 1085 871 1146 καί
894 1086 926 1147 σί
947 1085 1098 1166 διαιτηταὶ
1115 1084 1289 1165 ὀμόσαντες
1312 1084 1516 1165 ἀποφαίνον-

286 1197 338 1235 ται
360 1173 416 1242 τὰς
438 1173 556 1242 διαίτας
579 1173 632 1235 καί
657 1173 688 1235 οἱ
708 1172 869 1254 μάρτυρες
891 1167 1080 1254 ἕξόμνσνται
1102 1171 1158 1240 τὰς
1180 1173 1366 1255 μαρτυρίας.

332 1262 472 1324 Primum
504 1261 675 1344 quaeritur,
710 1270 801 1322 utros
836 1261 975 1324 arbitros
1003 1259 1201 1324 Aristoteles
1228 1261 1396 1341 significet,
1432 1260 1515 1340 pub-

286 1349 369 1412 licos
392 1371 433 1412 an
457 1351 613 1431 privatos,
649 1350 761 1433 Atque
785 1349 811 1411 si
836 1351 1013 1413 sententias
1035 1350 1176 1411 virorum
1201 1349 1372 1412 doctorum
1395 1369 1514 1429 seque-

286 1458 406 1517 remur,
430 1438 550 1520 publici
586 1439 694 1501 arbitri
726 1438 791 1501 hoc
823 1439 898 1501 loco
922 1438 1016 1501 nobis
1040 1439 1236 1500 excludendi
1260 1447 1378 1503 essent.
1426 1439 1513 1500 Nam

287 1527 418 1590 Hubert
451 1525 494 1613 (p.
520 1525 611 1613 32s3)
646 1547 721 1591 curn
753 1527 1008 1591 Hudtwalckero
1043 1529 1087 1610 (p.
1112 1525 1144 1613 8)
1179 1537 1212 1590 et
1243 1530 1364 1591 Meiero
1388 1525 1431 1612 (p.
1461 1527 1514 1610 12)

286 1617 427 1679 arbitros
449 1617 609 1697 publicos
633 1617 822 1698 priusquam
835 1619 1060 1699 magistratum
1077 1617 1192 1679 inirent
1214 1615 1245 1702 (i.
1263 1637 1292 1680 e,
1308 1617 1398 1681 initio
1415 1617 1514 1697 anni),

286 1705 493 1770 iureiurando
529 1706 706 1768 obstrictos
741 1725 815 1769 esse
851 1714 974 1768 censet.
1009 1706 1209 1768 Aristoteles
1244 1725 1321 1768 vero
1357 1706 1399 1766 de
1433 1705 1515 1767 iure-

285 1794 425 1856 iurando
460 1803 535 1857 ante
570 1797 764 1859 sententiam
800 1795 922 1858 dictam
957 1796 1156 1876 praestando
1190 1795 1340 1876 loquitur.
1387 1795 1516 1856 Tamen

284 1883 375 1944 illum
399 1883 507 1944 locum
543 1905 616 1946 curn
640 1883 845 1964 publicorum
880 1884 1073 1947 arbitrorum
1108 1885 1313 1946 iureiurando
1337 1883 1516 1948 cohaerere

287 1991 342 2033 me
365 1971 576 2052 probaturum
602 1993 675 2034 esse
699 1993 807 2055 spero.

332 2059 529 2122 Aristoteles
562 2061 645 2123 libro
679 2082 738 2124 suo
774 2062 1037 2125 constitutionem
1072 2063 1117 2125 rei
1152 2061 1302 2142 publicae
1334 2061 1517 2124 Athenien·
1593 2071 1594 2116 3

287 2150 370 2212 sium
396 2150 560 2213 describit.
596 2151 644 2212 lbi
669 2159 779 2214 autem
801 2151 928 2213 arbitris
944 2152 1076 2231 privatis
1100 2151 1191 2214 locus
1207 2171 1273 2212 non
1289 2159 1367 2228 erat,
1393 2151 1516 2231 quippe

287 2240 346 2320 qui
368 2259 434 2300 non
457 2242 703 2320 magistratuum
735 2261 868 2302 munere
892 2239 1117 2320 iungerentur,
1151 2241 1210 2302 sed
1235 2241 1471 2322 compromisso
1496 2259 1515 2301 a

289 2328 423 2409 privatis
448 2326 534 2390 sacto
558 2349 576 2390 e
602 2328 725 2391 civibus
749 2329 801 2393 vel
825 2331 1004 2410 peregrinis
1028 2339 1222 2396 crearentur.
1254 2329 1339 2390 Tum
1364 2328 1514 2392 articulus

286 2417 320 2478 in
345 2419 383 2480 σί
405 2418 556 2501 διαιτηταὶ
574 2419 773 2479 documento
790 2427 850 2497 est,
876 2437 990 2480 omnes
1007 2416 1143 2479 arbitros
1159 2418 1342 2498 significari,
1367 2417 1513 2479 nimirum

284 2506 357 2568 eius
377 2507 506 2586 generis
528 2525 650 2580 eorum,
677 2507 768 2587 quod
792 2516 905 2568 auctor
920 2508 951 2567 in
972 2507 1080 2568 animo
1096 2506 1206 2581 habet,
1231 2508 1299 2569 sive
1312 2505 1514 2588 publicorum

288 2595 356 2655 sive
372 2596 580 2675 privatorum.
597 2595 714 2658 Privati
727 2604 836 2658 autem
849 2595 960 2657 arbitri
979 2596 1182 2658 iureiurando
1200 2595 1357 2676 obstringi
1382 2614 1447 2656 non
1460 2595 1512 2657 de-

284 2682 428 2759 bebant,
465 2686 524 2746 nisi
559 2685 690 2746 nomina
713 2704 825 2746 eorum
850 2684 1049 2764 magistratui
1073 2686 1219 2748 nuntiata
1242 2681 1368 2769 erant¹).
1406 2683 1511 2745 Etiam

286 2774 419 2835 maioris
441 2775 598 2835 momenti
610 2783 670 2849 est,
699 2774 787 2854 quod
802 2773 940 2836 arbitros
960 2774 1104 2852 privatos
1124 2772 1192 2836 aliis
1210 2772 1289 2834 locis
1313 2775 1435 2834 iurasse
1459 2780 1514 2833 aut

286 2861 419 2923 arbitria
442 2862 574 2924 dedisse
598 2861 758 2924 nonnullis
782 2862 944 2942 exemplis
967 2861 1008 2922 ab
1034 2862 1215 2924 oratoribus
1242 2861 1362 2924 Atticis
1385 2861 1513 2923 traditis
1595 2885 1596 2894 ¹

287 2949 484 3034 probaturtl,
499 2950 591 3012 Haec
607 2951 784 3013 abhorrent
800 2951 940 3013 averbis
952 2950 1150 3031 Aristotelis
1172 2953 1225 3032 qui
1237 2951 1377 3012 arbitros
1396 2969 1439 3011 ex
1458 2948 1512 3011 illo

286 3038 396 3119 lapide
408 3040 611 3101 iureiurando
623 3039 804 3125 praestito³)
819 3042 997 3103 sententias
1009 3041 1240 3120 pronuntiasse
1253 3039 1360 3107 tradit.
1387 3037 1513 3100 Gravis·

288 3130 403 3190 simum
417 3148 494 3190 vero
509 3138 732 3208 argumentum
746 3150 790 3191 ex
804 3131 901 3192 Dem.
919 3149 964 3198 or,
983 3129 1027 3190 54
1040 3128 1127 3213 (adv.
1145 3126 1237 3213 Con.)
1260 3126 1360 3214 ssot)
1383 3146 1512 3190 sumen·

290 3217 366 3277 dum
384 3226 442 3280 est.
457 3215 578 3279 Orator
591 3217 631 3279 de
644 3219 772 3282 actione
785 3219 894 3299 apud
911 3218 1115 3280 arbitrum
1129 3217 1305 3299 publicu
1317 3238 1348 3279 m
1361 3217 1512 3297 loquitur;

289 3369 448 3378 ——-—o———

336 3438 358 3512 1)
378 3448 417 3499 cf.
436 3450 540 3498 Hubert
578 3451 644 3499 ‚tr

334 3517 355 3586 ²)
373 3521 406 3568 ls.
427 3536 464 3569 or.
485 3521 499 3570 2
522 3467 575 3588 (dep
590 3523 660 3572 Men.
685 3521 749 3588 her.)
768 3519 784 3588 ξ
804 3522 838 3573 30
867 3521 1050 3588 (iusiurandum
1070 3523 1138 3587 apud
1166 3523 1272 3571 Veneris
1297 3537 1365 3569 aram
1391 3519 1512 3584 Cephalis

289 3591 384 3656 sitam),
403 3593 477 3640 Dem.
498 3608 534 3640 or.
556 3593 589 3640 36
608 3591 669 3657 (pro
689 3593 804 3657 Phorm.)
829 3593 845 3661 ᾗ
877 3596 907 3644 lb
936 3591 1037 3659 (γνώμη
1065 3591 1093 3643 ἐν
1111 3590 1274 3659 ἀκροπόλει),
1302 3591 1400 3656 (Deru.)
1420 3607 1458 3640 or.
1479 3591 1513 3640 59

293 3661 361 3730 (adv.
381 3662 485 3726 Neaer.)
503 3661 521 3728 ξ
539 3663 582 3711 46.
601 3661 703 3732 (γνώμη
723 3661 750 3712 ἒν
768 3670 805 3728 τῷ
824 3665 906 3730 ἱερῷ).

335 3748 357 3816 ⁸)
376 3752 524 3815 Quaeritur,
544 3759 623 3799 utrum
642 3749 719 3816 ε’φόὖ
737 3769 793 3802 cum
812 3751 951 3817 ὀμόσαντες
970 3771 1003 3802 an
1023 3770 1079 3804 curn
1098 3751 1288 3818 ἀποφαίνονται
1310 3752 1513 3814 coniungendum

291 3822 330 3874 sit.
349 3824 472 3887 Equidem
492 3839 639 3886 persuasum
659 3825 751 3884 habeo,
769 3821 811 3888 ἐφ’
830 3822 862 3874 οὗ
881 3827 913 3873 ad
932 3839 1064 3890 utrumque
1082 3827 1188 3874 verbum
1197 3825 1332 3890 pertinere.
1356 3824 1421 3871 Nam
1435 3824 1455 3873 si
1473 3839 1513 3870 ar·

291 3894 399 3944 chorites
419 3901 444 3942 et
470 3901 547 3943 testes
567 3895 590 3942 in
610 3909 642 3942 eo
667 3896 793 3954 iurabant,
822 3897 897 3944 etiarn
925 3897 1044 3957 arbitros,
1072 3897 1115 3962 qui
1143 3897 1193 3945 hoc
1218 3896 1278 3944 loco
1297 3895 1371 3944 simul
1390 3910 1445 3943 cum
1464 3893 1514 3943 illis

291 3966 462 4027 nominantur,
481 3981 531 4014 non
550 3966 631 4014 solum
651 3966 801 4016 sententiam
821 3983 850 4014 ex
869 3984 902 4016 eo
920 3969 1100 4032 pronuntiasse
1120 3969 1163 4018 sed
1184 3967 1259 4016 etiam
1283 3966 1318 4014 ibi
1337 3967 1433 4016 iurasse
1452 3981 1512 4014 cou-

292 4043 438 4085 sentaneum
467 4043 513 4087 est.
551 4037 608 4084 Hoc
636 4036 702 4086 enim
730 4037 796 4085 illius
824 4037 914 4102 lapidis
941 4039 1069 4102 proprium
1098 4047 1161 4100 erat,
1189 4047 1216 4088 ut
1244 4039 1268 4087 in
1297 4053 1329 4087 eo
1354 4037 1514 4086 iureiuranda

291 4114 481 4171 praestarentur
499 4105 738 4172 (‚,Schwurstein“).
770 4109 842 4156 idem
863 4110 947 4158 Busolt
974 4125 1000 4173 p.
1021 4111 1069 4160 271
1091 4113 1187 4160 sentire
1207 4111 1314 4159 videtur.
1344 4108 1394 4158 Sed
1419 4107 1514 4171 siquis

291 4178 363 4240 dicit,
389 4178 541 4226 sententiam
560 4195 612 4228 non
631 4195 661 4227 ex
685 4180 730 4229 illo
758 4181 843 4244 lapide
871 4182 916 4230 sed
937 4182 1102 4232 iureiurando
1120 4184 1242 4246 praestito
1265 4180 1433 4247 ipsoarbitrii
1454 4180 1513 4228 loco

290 4249 478 4313 pronuntiatam
498 4265 564 4310 esse,
583 4266 616 4298 ne
634 4251 685 4298 boc
705 4251 806 4316 quidem
825 4251 898 4300 certis
918 4255 1074 4318 argumentis
1094 4253 1175 4302 retetti
1193 4259 1287 4317 potest.

360 4335 381 4401 ⁴)
401 4338 440 4390 CI.
460 4338 648 4398 Westermann,
667 4341 747 4404 Ausg.
768 4341 834 4393 Red.
847 4341 872 4394 d.
894 4343 968 4392 Deru.
988 4343 1035 4392 III.
1056 4343 1205 4404 Bilndchen,
1223 4359 1249 4406 p.
1266 4339 1352 4408 tasso.
1371 4339 1447 4392 λίθον
1465 4359 1513 4408 pro

292 4423 352 4463 mss.
369 4405 462 4474 βωμόν
481 4425 513 4458 ex
531 4409 612 4473 Harp.
631 4426 656 4474 p.
680 4411 738 4472 120,
757 4411 798 4460 27.
819 4412 931 4461 Dindorl
948 4413 1062 4463 restituit.
1094 4415 1267 4479 Harpocratio
1297 4413 1460 4464 Aristotelem
1489 4427 1515 4464 et

291 4478 699 4613 Klilffilporffialelssesqalfert'
719 4483 761 4531 De
779 4484 873 4532 eodem
892 4485 975 4549 lapide
995 4485 1026 4538 cl.
1041 4486 1106 4534 Plut.
1123 4485 1177 4537 Sol.
1197 4486 1238 4534 25.
1252 4494 1278 4535 et
1296 4485 1359 4536 Poll.
1380 4485 1453 4547 VIII,
1472 4485 1516 4539 86.

331 4588 337 4602 .
411 4590 416 4604 .
486 4587 493 4600 .
529 4591 534 4602 .
573 4589 580 4613 ,
651 4591 657 4602 .
