<?xml version="1.0" encoding="UTF-8"?>
<!DOCTYPE html PUBLIC "-//W3C//DTD XHTML 1.0 Transitional//EN"
    "http://www.w3.org/TR/xhtml1/DTD/xhtml1-transitional.dtd">
<html xmlns="http://www.w3.org/1999/xhtml" xml:lang="en" lang="en">
 <head>
  <title>
</title>
<meta http-equiv="Content-Type" content="text/html;charset=utf-8" />
  <meta name='ocr-system' content='tesseract 3.04.00' />
  <meta name='ocr-capabilities' content='ocr_page ocr_carea ocr_par ocr_line ocrx_word'/>
</head>
<body>
  <div class='ocr_page' id='page_1' title='image "./dearbitrisathen00piscgoog_0035.png"; bbox 0 0 3240 5478; ppageno 0'>
   <div class='ocr_carea' id='block_1_1' title="bbox 790 583 1009 646">
    <p class='ocr_par' dir='ltr' id='par_1_1' title="bbox 790 583 1009 646">
     <span class='ocr_line' id='line_1_1' title="bbox 790 583 1009 646; baseline 0.005 -15"><span class='ocrx_word' id='word_1_1' title='bbox 790 583 1009 646; x_wconf 75' lang='lat'>..32-</span> 
     </span>
    </p>
   </div>
   <div class='ocr_carea' id='block_1_2' title="bbox 286 761 1519 1199">
    <p class='ocr_par' dir='ltr' id='par_1_2' title="bbox 286 761 1519 1199">
     <span class='ocr_line' id='line_1_2' title="bbox 287 761 1516 843; baseline 0.002 -20"><span class='ocrx_word' id='word_1_2' title='bbox 287 761 450 836; x_wconf 88' lang='lat' dir='ltr'>librorum,</span> <span class='ocrx_word' id='word_1_3' title='bbox 476 764 529 843; x_wconf 90' lang='lat' dir='ltr'>qui</span> <span class='ocrx_word' id='word_1_4' title='bbox 542 762 743 842; x_wconf 88' lang='lat' dir='ltr'>legebantur,</span> <span class='ocrx_word' id='word_1_5' title='bbox 767 761 952 824; x_wconf 91' lang='lat' dir='ltr'>labentibus</span> <span class='ocrx_word' id='word_1_6' title='bbox 968 763 1105 826; x_wconf 91' lang='lat' dir='ltr'>saeculis</span> <span class='ocrx_word' id='word_1_7' title='bbox 1122 765 1168 824; x_wconf 90' lang='lat' dir='ltr'>sic</span> <span class='ocrx_word' id='word_1_8' title='bbox 1185 762 1369 825; x_wconf 89' lang='lat' dir='ltr'>deminutus</span> <span class='ocrx_word' id='word_1_9' title='bbox 1393 771 1452 834; x_wconf 84' lang='lat' dir='ltr'>est,</span> <span class='ocrx_word' id='word_1_10' title='bbox 1478 773 1516 825; x_wconf 91' lang='lat' dir='ltr'>ut</span> 
     </span>
     <span class='ocr_line' id='line_1_3' title="bbox 286 850 1518 932; baseline 0.002 -20"><span class='ocrx_word' id='word_1_11' title='bbox 286 852 486 932; x_wconf 86' lang='lat' dir='ltr'>posteriores</span> <span class='ocrx_word' id='word_1_12' title='bbox 509 852 710 931; x_wconf 85' lang='lat' dir='ltr'>grammatici</span> <span class='ocrx_word' id='word_1_13' title='bbox 748 871 766 912; x_wconf 90' lang='lat' dir='ltr'>e</span> <span class='ocrx_word' id='word_1_14' title='bbox 797 850 1014 913; x_wconf 87' lang='lat' dir='ltr'><strong>celeberrimis</strong></span> <span class='ocrx_word' id='word_1_15' title='bbox 1045 851 1276 914; x_wconf 85' lang='lat' dir='ltr'>Demosthenis</span> <span class='ocrx_word' id='word_1_16' title='bbox 1316 851 1518 914; x_wconf 89' lang='lat' dir='ltr'>orationibus</span> 
     </span>
     <span class='ocr_line' id='line_1_4' title="bbox 288 939 1519 1022; baseline -0.001 -20"><span class='ocrx_word' id='word_1_17' title='bbox 288 940 366 1003; x_wconf 90' lang='lat' dir='ltr'>solis</span> <span class='ocrx_word' id='word_1_18' title='bbox 398 940 565 1002; x_wconf 91' lang='lat' dir='ltr'>scientiam</span> <span class='ocrx_word' id='word_1_19' title='bbox 600 960 691 1002; x_wconf 90' lang='lat' dir='ltr'>suam</span> <span class='ocrx_word' id='word_1_20' title='bbox 727 939 768 1001; x_wconf 91' lang='lat' dir='ltr'>de</span> <span class='ocrx_word' id='word_1_21' title='bbox 799 943 931 1022; x_wconf 90' lang='lat' dir='ltr'>antiqua</span> <span class='ocrx_word' id='word_1_22' title='bbox 955 940 1142 1022; x_wconf 90' lang='lat' dir='ltr'>dudumque</span> <span class='ocrx_word' id='word_1_23' title='bbox 1173 941 1294 1002; x_wconf 91' lang='lat' dir='ltr'>abolita</span> <span class='ocrx_word' id='word_1_24' title='bbox 1321 941 1519 1003; x_wconf 89' lang='lat' dir='ltr'>arbitrorum</span> 
     </span>
     <span class='ocr_line' id='line_1_5' title="bbox 288 1028 1517 1112; baseline 0 -22"><span class='ocrx_word' id='word_1_25' title='bbox 288 1029 487 1092; x_wconf 91' lang='lat' dir='ltr'>institutione</span> <span class='ocrx_word' id='word_1_26' title='bbox 512 1029 685 1096; x_wconf 82' lang='lat' dir='ltr'>hauserint.</span> <span class='ocrx_word' id='word_1_27' title='bbox 725 1028 830 1090; x_wconf 89' lang='lat' dir='ltr'>Nobis</span> <span class='ocrx_word' id='word_1_28' title='bbox 854 1030 986 1090; x_wconf 93' lang='lat' dir='ltr'>omnino</span> <span class='ocrx_word' id='word_1_29' title='bbox 1017 1032 1073 1092; x_wconf 90' lang='lat' dir='ltr'>vix</span> <span class='ocrx_word' id='word_1_30' title='bbox 1096 1030 1209 1112; x_wconf 85' lang='lat' dir='ltr'>viginti</span> <span class='ocrx_word' id='word_1_31' title='bbox 1232 1031 1406 1108; x_wconf 89' lang='lat' dir='ltr'>orationes,</span> <span class='ocrx_word' id='word_1_32' title='bbox 1431 1049 1517 1110; x_wconf 91' lang='lat' dir='ltr'>quae</span> 
     </span>
     <span class='ocr_line' id='line_1_6' title="bbox 288 1117 1515 1199; baseline -0.001 -20"><span class='ocrx_word' id='word_1_33' title='bbox 288 1119 330 1181; x_wconf 93' lang='lat' dir='ltr'>ad</span> <span class='ocrx_word' id='word_1_34' title='bbox 355 1117 492 1180; x_wconf 85' lang='lat' dir='ltr'>arbitros</span> <span class='ocrx_word' id='word_1_35' title='bbox 512 1118 663 1198; x_wconf 90' lang='lat' dir='ltr'>publicos</span> <span class='ocrx_word' id='word_1_36' title='bbox 687 1118 860 1197; x_wconf 87' lang='lat' dir='ltr'>pertinent,</span> <span class='ocrx_word' id='word_1_37' title='bbox 885 1118 1014 1181; x_wconf 89' lang='lat' dir='ltr'>relictae</span> <span class='ocrx_word' id='word_1_38' title='bbox 1030 1128 1113 1180; x_wconf 92' lang='lat' dir='ltr'>sunt.</span> <span class='ocrx_word' id='word_1_39' title='bbox 1139 1119 1273 1181; x_wconf 90' lang='lat' dir='ltr'>Minime</span> <span class='ocrx_word' id='word_1_40' title='bbox 1289 1120 1384 1199; x_wconf 92' lang='lat' dir='ltr'>igitur</span> <span class='ocrx_word' id='word_1_41' title='bbox 1400 1119 1515 1180; x_wconf 92' lang='lat' dir='ltr'>mirum</span> 
     </span>
    </p>
   </div>
   <div class='ocr_carea' id='block_1_3' title="bbox 288 1207 1599 1290">
    <p class='ocr_par' dir='ltr' id='par_1_3' title="bbox 288 1207 1599 1290">
     <span class='ocr_line' id='line_1_7' title="bbox 288 1207 1599 1290; baseline -0.002 -20"><span class='ocrx_word' id='word_1_42' title='bbox 288 1216 349 1281; x_wconf 90' lang='lat' dir='ltr'>est,</span> <span class='ocrx_word' id='word_1_43' title='bbox 374 1207 465 1290; x_wconf 90' lang='lat' dir='ltr'>quod</span> <span class='ocrx_word' id='word_1_44' title='bbox 489 1208 520 1268; x_wconf 93' lang='lat' dir='ltr'>in</span> <span class='ocrx_word' id='word_1_45' title='bbox 545 1207 596 1269; x_wconf 91' lang='lat' dir='ltr'>his</span> <span class='ocrx_word' id='word_1_46' title='bbox 620 1207 732 1286; x_wconf 84' lang='lat' dir='ltr'>paucis</span> <span class='ocrx_word' id='word_1_47' title='bbox 756 1207 894 1288; x_wconf 91' lang='lat' dir='ltr'>reliquiis</span> <span class='ocrx_word' id='word_1_48' title='bbox 925 1209 1168 1288; x_wconf 89' lang='lat' dir='ltr'>peregrinorum</span> <span class='ocrx_word' id='word_1_49' title='bbox 1200 1207 1273 1270; x_wconf 91' lang='lat' dir='ltr'>lites</span> <span class='ocrx_word' id='word_1_50' title='bbox 1305 1227 1380 1269; x_wconf 92' lang='lat' dir='ltr'>casu</span> <span class='ocrx_word' id='word_1_51' title='bbox 1403 1208 1512 1269; x_wconf 90' lang='lat' dir='ltr'>locum</span> <span class='ocrx_word' id='word_1_52' title='bbox 1598 1225 1599 1250; x_wconf 71' lang='lat'>³</span> 
     </span>
    </p>
   </div>
   <div class='ocr_carea' id='block_1_4' title="bbox 287 1296 1515 1819">
    <p class='ocr_par' dir='ltr' id='par_1_4' title="bbox 287 1296 573 1358">
     <span class='ocr_line' id='line_1_8' title="bbox 287 1296 573 1358; baseline -0.007 0"><span class='ocrx_word' id='word_1_53' title='bbox 287 1316 352 1358; x_wconf 91' lang='lat' dir='ltr'>non</span> <span class='ocrx_word' id='word_1_54' title='bbox 376 1296 573 1358; x_wconf 91' lang='lat' dir='ltr'>invenerunt.</span> 
     </span>
    </p>

    <p class='ocr_par' dir='ltr' id='par_1_5' title="bbox 288 1384 1515 1819">
     <span class='ocr_line' id='line_1_9' title="bbox 333 1384 1513 1448; baseline -0.001 -2"><span class='ocrx_word' id='word_1_55' title='bbox 333 1384 406 1448; x_wconf 87' lang='lat' dir='ltr'>Alia</span> <span class='ocrx_word' id='word_1_56' title='bbox 429 1385 559 1446; x_wconf 88' lang='lat' dir='ltr'>maioris</span> <span class='ocrx_word' id='word_1_57' title='bbox 583 1387 738 1446; x_wconf 89' lang='lat' dir='ltr'>momenti</span> <span class='ocrx_word' id='word_1_58' title='bbox 762 1404 861 1447; x_wconf 89' lang='lat' dir='ltr'>causa</span> <span class='ocrx_word' id='word_1_59' title='bbox 883 1384 966 1445; x_wconf 89' lang='lat' dir='ltr'>haec</span> <span class='ocrx_word' id='word_1_60' title='bbox 990 1405 1064 1448; x_wconf 91' lang='lat' dir='ltr'>esse</span> <span class='ocrx_word' id='word_1_61' title='bbox 1088 1385 1225 1448; x_wconf 89' lang='lat' dir='ltr'>videtur.</span> <span class='ocrx_word' id='word_1_62' title='bbox 1258 1385 1396 1447; x_wconf 92' lang='lat' dir='ltr'>Multum</span> <span class='ocrx_word' id='word_1_63' title='bbox 1420 1385 1513 1446; x_wconf 89' lang='lat' dir='ltr'>inter-</span> 
     </span>
     <span class='ocr_line' id='line_1_10' title="bbox 288 1473 1514 1554; baseline -0.001 -19"><span class='ocrx_word' id='word_1_64' title='bbox 288 1482 348 1548; x_wconf 89' lang='lat' dir='ltr'>est,</span> <span class='ocrx_word' id='word_1_65' title='bbox 384 1473 464 1554; x_wconf 91' lang='lat' dir='ltr'>quid</span> <span class='ocrx_word' id='word_1_66' title='bbox 498 1493 579 1535; x_wconf 89' lang='lat' dir='ltr'>voce</span> <span class='ocrx_word' id='word_1_67' title='bbox 614 1473 857 1554; x_wconf 91' lang='lat' dir='ltr'>peregrinorum</span> <span class='ocrx_word' id='word_1_68' title='bbox 893 1473 1100 1553; x_wconf 85' lang='lat' dir='ltr'>significetur.</span> <span class='ocrx_word' id='word_1_69' title='bbox 1148 1473 1180 1536; x_wconf 89' lang='lat' dir='ltr'>Si</span> <span class='ocrx_word' id='word_1_70' title='bbox 1216 1474 1277 1536; x_wconf 92' lang='lat' dir='ltr'>sub</span> <span class='ocrx_word' id='word_1_71' title='bbox 1314 1493 1397 1536; x_wconf 92' lang='lat' dir='ltr'>voce</span> <span class='ocrx_word' id='word_1_72' title='bbox 1433 1474 1514 1549; x_wconf 84' lang='grc' dir='ltr'><strong><em>ξένοι</em></strong></span> 
     </span>
     <span class='ocr_line' id='line_1_11' title="bbox 288 1556 1512 1644; baseline -0.002 -20"><span class='ocrx_word' id='word_1_73' title='bbox 288 1581 403 1624; x_wconf 91' lang='lat' dir='ltr'>omnes</span> <span class='ocrx_word' id='word_1_74' title='bbox 439 1562 576 1624; x_wconf 87' lang='lat' dir='ltr'>civitatis</span> <span class='ocrx_word' id='word_1_75' title='bbox 608 1570 760 1642; x_wconf 87' lang='lat' dir='ltr'>expertes</span> <span class='ocrx_word' id='word_1_76' title='bbox 784 1561 871 1625; x_wconf 87' lang='lat' dir='ltr'>velut</span> <span class='ocrx_word' id='word_1_77' title='bbox 892 1564 1043 1643; x_wconf 80' lang='grc' dir='ltr'><em>μέτοικοι,</em></span> <span class='ocrx_word' id='word_1_78' title='bbox 1069 1556 1223 1636; x_wconf 63' lang='lat' dir='ltr'>loomim,</span> <span class='ocrx_word' id='word_1_79' title='bbox 1248 1563 1398 1644; x_wconf 83' lang='grc' dir='ltr'><em>πρόξενοι</em></span> <span class='ocrx_word' id='word_1_80' title='bbox 1422 1563 1512 1625; x_wconf 88' lang='lat' dir='ltr'>intel-</span> 
     </span>
     <span class='ocr_line' id='line_1_12' title="bbox 288 1651 1515 1734; baseline -0.001 -21"><span class='ocrx_word' id='word_1_81' title='bbox 288 1651 418 1734; x_wconf 88' lang='lat' dir='ltr'>legendi</span> <span class='ocrx_word' id='word_1_82' title='bbox 436 1660 520 1729; x_wconf 89' lang='lat' dir='ltr'>sunt,</span> <span class='ocrx_word' id='word_1_83' title='bbox 546 1651 747 1732; x_wconf 83' lang='lat' dir='ltr'>grammatici</span> <span class='ocrx_word' id='word_1_84' title='bbox 770 1651 867 1730; x_wconf 90' lang='lat' dir='ltr'>plane</span> <span class='ocrx_word' id='word_1_85' title='bbox 890 1651 969 1712; x_wconf 83' lang='lat' dir='ltr'>salsa</span> <span class='ocrx_word' id='word_1_86' title='bbox 981 1652 1193 1729; x_wconf 89' lang='lat' dir='ltr'>tradiderunt,</span> <span class='ocrx_word' id='word_1_87' title='bbox 1218 1653 1266 1713; x_wconf 90' lang='lat' dir='ltr'>sin</span> <span class='ocrx_word' id='word_1_88' title='bbox 1283 1661 1389 1714; x_wconf 90' lang='lat' dir='ltr'>autem</span> <span class='ocrx_word' id='word_1_89' title='bbox 1404 1653 1515 1728; x_wconf 82' lang='grc' dir='ltr'><em>ξένους</em></span> 
     </span>
     <span class='ocr_line' id='line_1_13' title="bbox 295 1739 1513 1819; baseline -0.001 -17"><span class='ocrx_word' id='word_1_90' title='bbox 295 1741 481 1819; x_wconf 89' lang='lat' dir='ltr'>angustiore</span> <span class='ocrx_word' id='word_1_91' title='bbox 505 1760 603 1802; x_wconf 89' lang='lat' dir='ltr'>sensu</span> <span class='ocrx_word' id='word_1_92' title='bbox 634 1739 924 1802; x_wconf 90' lang='lat' dir='ltr'>circumscribimus</span> <span class='ocrx_word' id='word_1_93' title='bbox 959 1749 992 1802; x_wconf 93' lang='lat' dir='ltr'>et</span> <span class='ocrx_word' id='word_1_94' title='bbox 1026 1761 1141 1802; x_wconf 91' lang='lat' dir='ltr'>omnes</span> <span class='ocrx_word' id='word_1_95' title='bbox 1176 1741 1278 1804; x_wconf 88' lang='lat' dir='ltr'>modo</span> <span class='ocrx_word' id='word_1_96' title='bbox 1314 1760 1513 1804; x_wconf 91' lang='lat' dir='ltr'>commemo-</span> 
     </span>
    </p>
   </div>
   <div class='ocr_carea' id='block_1_5' title="bbox 288 1829 1600 1912">
    <p class='ocr_par' dir='ltr' id='par_1_6' title="bbox 288 1829 1600 1912">
     <span class='ocr_line' id='line_1_14' title="bbox 288 1829 1600 1912; baseline 0 -22"><span class='ocrx_word' id='word_1_97' title='bbox 288 1839 377 1891; x_wconf 88' lang='lat' dir='ltr'>ratos</span> <span class='ocrx_word' id='word_1_98' title='bbox 401 1829 622 1904; x_wconf 79' lang='lat' dir='ltr'>excludimuS,</span> <span class='ocrx_word' id='word_1_99' title='bbox 658 1829 703 1890; x_wconf 91' lang='lat' dir='ltr'>ita</span> <span class='ocrx_word' id='word_1_100' title='bbox 733 1837 768 1890; x_wconf 91' lang='lat' dir='ltr'>ut</span> <span class='ocrx_word' id='word_1_101' title='bbox 799 1829 858 1890; x_wconf 91' lang='lat' dir='ltr'>soli</span> <span class='ocrx_word' id='word_1_102' title='bbox 884 1829 967 1904; x_wconf 84' lang='grc' dir='ltr'><em>ξένοι</em></span> <span class='ocrx_word' id='word_1_103' title='bbox 990 1829 1315 1912; x_wconf 60' lang='grc' dir='ltr'><em>παρεπιδημοῦνιεςῑ)</em></span> <span class='ocrx_word' id='word_1_104' title='bbox 1339 1830 1513 1912; x_wconf 85' lang='lat' dir='ltr'>supersint,</span> <span class='ocrx_word' id='word_1_105' title='bbox 1599 1831 1600 1868; x_wconf 58' lang='lat' dir='ltr'>i</span> 
     </span>
    </p>
   </div>
   <div class='ocr_carea' id='block_1_6' title="bbox 287 1916 1516 2981">
    <p class='ocr_par' dir='ltr' id='par_1_7' title="bbox 287 1916 1516 2533">
     <span class='ocr_line' id='line_1_15' title="bbox 288 1916 1514 1998; baseline 0.001 -19"><span class='ocrx_word' id='word_1_106' title='bbox 288 1921 430 1998; x_wconf 92' lang='lat' dir='ltr'>optimus</span> <span class='ocrx_word' id='word_1_107' title='bbox 447 1938 563 1979; x_wconf 90' lang='lat' dir='ltr'>sensus</span> <span class='ocrx_word' id='word_1_108' title='bbox 580 1916 725 1980; x_wconf 85' lang='lat' dir='ltr'>efficitur.</span> <span class='ocrx_word' id='word_1_109' title='bbox 751 1917 835 1979; x_wconf 93' lang='lat' dir='ltr'>Nam</span> <span class='ocrx_word' id='word_1_110' title='bbox 853 1920 964 1994; x_wconf 84' lang='grc' dir='ltr'><em>ξένους</em></span> <span class='ocrx_word' id='word_1_111' title='bbox 987 1919 1034 1979; x_wconf 92' lang='lat' dir='ltr'>sic</span> <span class='ocrx_word' id='word_1_112' title='bbox 1057 1919 1240 1981; x_wconf 88' lang='lat' dir='ltr'>intellectos</span> <span class='ocrx_word' id='word_1_113' title='bbox 1263 1920 1360 1980; x_wconf 89' lang='lat' dir='ltr'>etiam</span> <span class='ocrx_word' id='word_1_114' title='bbox 1384 1918 1514 1980; x_wconf 85' lang='lat' dir='ltr'>Aristo-</span> 
     </span>
     <span class='ocr_line' id='line_1_16' title="bbox 288 2004 1516 2090; baseline -0.001 -21"><span class='ocrx_word' id='word_1_115' title='bbox 288 2007 370 2069; x_wconf 91' lang='lat' dir='ltr'>teles</span> <span class='ocrx_word' id='word_1_116' title='bbox 394 2007 513 2068; x_wconf 91' lang='lat' dir='ltr'>iudicio</span> <span class='ocrx_word' id='word_1_117' title='bbox 537 2007 726 2068; x_wconf 90' lang='lat' dir='ltr'>arbitrorum</span> <span class='ocrx_word' id='word_1_118' title='bbox 751 2007 874 2068; x_wconf 88' lang='lat' dir='ltr'>exemit</span> <span class='ocrx_word' id='word_1_119' title='bbox 898 2015 930 2068; x_wconf 91' lang='lat' dir='ltr'>et</span> <span class='ocrx_word' id='word_1_120' title='bbox 955 2007 1064 2068; x_wconf 90' lang='lat' dir='ltr'>Meieri</span> <span class='ocrx_word' id='word_1_121' title='bbox 1089 2009 1285 2086; x_wconf 89' lang='lat' dir='ltr'>coniectura,</span> <span class='ocrx_word' id='word_1_122' title='bbox 1313 2008 1367 2089; x_wconf 94' lang='lat' dir='ltr'>qui</span> <span class='ocrx_word' id='word_1_123' title='bbox 1390 2004 1433 2090; x_wconf 81' lang='lat' dir='ltr'>(p,</span> <span class='ocrx_word' id='word_1_124' title='bbox 1461 2007 1516 2086; x_wconf 81' lang='lat'>18)</span> 
     </span>
     <span class='ocr_line' id='line_1_17' title="bbox 288 2095 1513 2177; baseline -0.002 -19"><span class='ocrx_word' id='word_1_125' title='bbox 288 2097 398 2173; x_wconf 83' lang='grc' dir='ltr'><em>ξένους</em></span> <span class='ocrx_word' id='word_1_126' title='bbox 415 2096 502 2177; x_wconf 89' lang='lat' dir='ltr'>apud</span> <span class='ocrx_word' id='word_1_127' title='bbox 518 2096 682 2158; x_wconf 88' lang='lat' dir='ltr'>Pollucem</span> <span class='ocrx_word' id='word_1_128' title='bbox 700 2095 852 2176; x_wconf 89' lang='lat' dir='ltr'>supplere</span> <span class='ocrx_word' id='word_1_129' title='bbox 869 2095 978 2169; x_wconf 89' lang='lat' dir='ltr'>voluit,</span> <span class='ocrx_word' id='word_1_130' title='bbox 1004 2096 1190 2159; x_wconf 86' lang='lat' dir='ltr'>Aristotelis</span> <span class='ocrx_word' id='word_1_131' title='bbox 1203 2098 1308 2158; x_wconf 88' lang='lat' dir='ltr'>verbis</span> <span class='ocrx_word' id='word_1_132' title='bbox 1323 2095 1513 2173; x_wconf 57' lang='lat' dir='ltr'>refutatum),</span> 
     </span>
     <span class='ocr_line' id='line_1_18' title="bbox 289 2183 1514 2267; baseline -0.001 -21"><span class='ocrx_word' id='word_1_133' title='bbox 289 2183 547 2265; x_wconf 82' lang='lat' dir='ltr'>Quamquam</span> <span class='ocrx_word' id='word_1_134' title='bbox 581 2185 715 2264; x_wconf 88' lang='lat' dir='ltr'>igitur</span> <span class='ocrx_word' id='word_1_135' title='bbox 738 2186 1003 2246; x_wconf 90' lang='lat' dir='ltr'>contendere</span> <span class='ocrx_word' id='word_1_136' title='bbox 1028 2185 1172 2260; x_wconf 93' lang='lat' dir='ltr'>nolim,</span> <span class='ocrx_word' id='word_1_137' title='bbox 1213 2186 1514 2267; x_wconf 89' lang='lat' dir='ltr'>grammaticos</span> 
     </span>
     <span class='ocr_line' id='line_1_19' title="bbox 288 2273 1512 2348; baseline -0.004 -10"><span class='ocrx_word' id='word_1_138' title='bbox 288 2285 367 2338; x_wconf 93' lang='lat' dir='ltr'>tam</span> <span class='ocrx_word' id='word_1_139' title='bbox 404 2282 608 2336; x_wconf 88' lang='lat' dir='ltr'>accurate</span> <span class='ocrx_word' id='word_1_140' title='bbox 644 2273 919 2348; x_wconf 84' lang='lat' dir='ltr'>distinxisse,</span> <span class='ocrx_word' id='word_1_141' title='bbox 943 2283 1052 2336; x_wconf 90' lang='lat' dir='ltr'>tamen</span> <span class='ocrx_word' id='word_1_142' title='bbox 1090 2275 1186 2336; x_wconf 90' lang='lat' dir='ltr'>talem</span> <span class='ocrx_word' id='word_1_143' title='bbox 1219 2275 1457 2338; x_wconf 88' lang='lat' dir='ltr'>distinctionem</span> <span class='ocrx_word' id='word_1_144' title='bbox 1482 2277 1512 2335; x_wconf 92' lang='lat' dir='ltr'>in</span> 
     </span>
     <span class='ocr_line' id='line_1_20' title="bbox 287 2362 1512 2439; baseline -0.001 -15"><span class='ocrx_word' id='word_1_145' title='bbox 287 2362 431 2424; x_wconf 88' lang='lat' dir='ltr'>sontibus</span> <span class='ocrx_word' id='word_1_146' title='bbox 469 2383 579 2424; x_wconf 93' lang='lat' dir='ltr'>eorum</span> <span class='ocrx_word' id='word_1_147' title='bbox 611 2382 742 2424; x_wconf 89' lang='lat' dir='ltr'>causam</span> <span class='ocrx_word' id='word_1_148' title='bbox 778 2363 872 2436; x_wconf 86' lang='lat' dir='ltr'>duco,</span> <span class='ocrx_word' id='word_1_149' title='bbox 908 2383 964 2425; x_wconf 91' lang='lat' dir='ltr'>cur</span> <span class='ocrx_word' id='word_1_150' title='bbox 1002 2365 1114 2439; x_wconf 80' lang='grc' dir='ltr'><em>ξένους</em></span> <span class='ocrx_word' id='word_1_151' title='bbox 1150 2365 1284 2427; x_wconf 92' lang='lat' dir='ltr'>omnino</span> <span class='ocrx_word' id='word_1_152' title='bbox 1319 2363 1512 2424; x_wconf 90' lang='lat' dir='ltr'>arbitrorum</span> 
     </span>
     <span class='ocr_line' id='line_1_21' title="bbox 288 2451 581 2533; baseline 0.02 -21"><span class='ocrx_word' id='word_1_153' title='bbox 288 2451 358 2513; x_wconf 82' lang='lat' dir='ltr'>soro</span> <span class='ocrx_word' id='word_1_154' title='bbox 383 2453 581 2533; x_wconf 89' lang='lat' dir='ltr'>exceperint.</span> 
     </span>
    </p>

    <p class='ocr_par' dir='ltr' id='par_1_8' title="bbox 287 2537 1513 2981">
     <span class='ocr_line' id='line_1_22' title="bbox 335 2537 1512 2626; baseline 0 -26"><span class='ocrx_word' id='word_1_155' title='bbox 335 2539 429 2621; x_wconf 86' lang='lat' dir='ltr'>Quae</span> <span class='ocrx_word' id='word_1_156' title='bbox 464 2559 541 2601; x_wconf 93' lang='lat' dir='ltr'>vero</span> <span class='ocrx_word' id='word_1_157' title='bbox 573 2538 808 2601; x_wconf 89' lang='lat' dir='ltr'>Hudtwalcker</span> <span class='ocrx_word' id='word_1_158' title='bbox 842 2539 887 2623; x_wconf 86' lang='lat' dir='ltr'>(p.</span> <span class='ocrx_word' id='word_1_159' title='bbox 913 2537 1004 2626; x_wconf 58' lang='lat'>3819)</span> <span class='ocrx_word' id='word_1_160' title='bbox 1038 2541 1194 2603; x_wconf 87' lang='lat' dir='ltr'>adversus</span> <span class='ocrx_word' id='word_1_161' title='bbox 1229 2541 1512 2622; x_wconf 87' lang='lat' dir='ltr'>grammaticorum</span> 
     </span>
     <span class='ocr_line' id='line_1_23' title="bbox 289 2624 1513 2714; baseline -0.002 -22"><span class='ocrx_word' id='word_1_162' title='bbox 289 2649 413 2692; x_wconf 88' lang='lat' dir='ltr'>errores</span> <span class='ocrx_word' id='word_1_163' title='bbox 437 2629 579 2714; x_wconf 84' lang='lat' dir='ltr'>protulit,</span> <span class='ocrx_word' id='word_1_164' title='bbox 606 2629 723 2709; x_wconf 91' lang='lat' dir='ltr'>partim</span> <span class='ocrx_word' id='word_1_165' title='bbox 739 2624 820 2690; x_wconf 84' lang='lat' dir='ltr'>falsa</span> <span class='ocrx_word' id='word_1_166' title='bbox 842 2631 959 2710; x_wconf 92' lang='lat' dir='ltr'>partim</span> <span class='ocrx_word' id='word_1_167' title='bbox 976 2650 1052 2692; x_wconf 91' lang='lat' dir='ltr'>vera</span> <span class='ocrx_word' id='word_1_168' title='bbox 1068 2643 1151 2698; x_wconf 88' lang='lat' dir='ltr'>sunt.</span> <span class='ocrx_word' id='word_1_169' title='bbox 1176 2629 1240 2692; x_wconf 88' lang='lat' dir='ltr'>Illis</span> <span class='ocrx_word' id='word_1_170' title='bbox 1257 2630 1390 2692; x_wconf 89' lang='lat' dir='ltr'>secretis</span> <span class='ocrx_word' id='word_1_171' title='bbox 1407 2638 1513 2691; x_wconf 87' lang='lat' dir='ltr'>cetera</span> 
     </span>
     <span class='ocr_line' id='line_1_24' title="bbox 289 2716 1511 2799; baseline -0.001 -20"><span class='ocrx_word' id='word_1_172' title='bbox 289 2718 387 2779; x_wconf 89' lang='lat' dir='ltr'>etiam</span> <span class='ocrx_word' id='word_1_173' title='bbox 411 2717 511 2779; x_wconf 90' lang='lat' dir='ltr'>hodie</span> <span class='ocrx_word' id='word_1_174' title='bbox 535 2716 652 2792; x_wconf 88' lang='lat' dir='ltr'>valent,</span> <span class='ocrx_word' id='word_1_175' title='bbox 689 2737 707 2778; x_wconf 90' lang='lat' dir='ltr'>a</span> <span class='ocrx_word' id='word_1_176' title='bbox 731 2719 947 2798; x_wconf 88' lang='lat' dir='ltr'>posteriorum</span> <span class='ocrx_word' id='word_1_177' title='bbox 973 2719 1304 2799; x_wconf 84' lang='lat' dir='ltr'>argumentationibus</span> <span class='ocrx_word' id='word_1_178' title='bbox 1328 2718 1511 2780; x_wconf 87' lang='lat' dir='ltr'>Aristotelis</span> 
     </span>
     <span class='ocr_line' id='line_1_25' title="bbox 290 2805 1512 2888; baseline 0 -20"><span class='ocrx_word' id='word_1_179' title='bbox 290 2807 482 2869; x_wconf 90' lang='lat' dir='ltr'>auctoritate</span> <span class='ocrx_word' id='word_1_180' title='bbox 497 2806 641 2875; x_wconf 78' lang='lat' dir='ltr'>defensa,</span> <span class='ocrx_word' id='word_1_181' title='bbox 668 2805 719 2866; x_wconf 83' lang='lat' dir='ltr'>Ac</span> <span class='ocrx_word' id='word_1_182' title='bbox 743 2805 824 2868; x_wconf 86' lang='lat' dir='ltr'>salso</span> <span class='ocrx_word' id='word_1_183' title='bbox 841 2809 972 2888; x_wconf 90' lang='lat' dir='ltr'>quidem</span> <span class='ocrx_word' id='word_1_184' title='bbox 989 2809 1036 2869; x_wconf 94' lang='lat' dir='ltr'>vir</span> <span class='ocrx_word' id='word_1_185' title='bbox 1060 2808 1176 2870; x_wconf 89' lang='lat' dir='ltr'>doctus</span> <span class='ocrx_word' id='word_1_186' title='bbox 1193 2807 1315 2871; x_wconf 87' lang='lat' dir='ltr'>Suidae</span> <span class='ocrx_word' id='word_1_187' title='bbox 1338 2807 1437 2869; x_wconf 90' lang='lat' dir='ltr'>verba</span> <span class='ocrx_word' id='word_1_188' title='bbox 1460 2807 1512 2869; x_wconf 78' lang='grc' dir='ltr'>ἐπὶ</span> 
     </span>
     <span class='ocr_line' id='line_1_26' title="bbox 287 2893 1511 2981; baseline -0.002 -23"><span class='ocrx_word' id='word_1_189' title='bbox 287 2901 380 2958; x_wconf 85' lang='grc' dir='ltr'><em>τοῦτο</em></span> <span class='ocrx_word' id='word_1_190' title='bbox 404 2896 508 2958; x_wconf 73' lang='grc' dir='ltr'><em>ἐλθεῖν</em></span> <span class='ocrx_word' id='word_1_191' title='bbox 530 2893 584 2981; x_wconf 91' lang='lat'>(=</span> <span class='ocrx_word' id='word_1_192' title='bbox 608 2895 759 2956; x_wconf 88' lang='lat' dir='ltr'>arbitrum</span> <span class='ocrx_word' id='word_1_193' title='bbox 777 2895 858 2978; x_wconf 84' lang='lat' dir='ltr'>fieri)</span> <span class='ocrx_word' id='word_1_194' title='bbox 882 2897 1109 2977; x_wconf 90' lang='lat' dir='ltr'>interpretatus</span> <span class='ocrx_word' id='word_1_195' title='bbox 1126 2906 1184 2962; x_wconf 89' lang='lat' dir='ltr'>est.</span> <span class='ocrx_word' id='word_1_196' title='bbox 1210 2895 1276 2959; x_wconf 83' lang='lat' dir='ltr'>Sed</span> <span class='ocrx_word' id='word_1_197' title='bbox 1293 2899 1415 2977; x_wconf 91' lang='lat' dir='ltr'>optime</span> <span class='ocrx_word' id='word_1_198' title='bbox 1432 2896 1511 2957; x_wconf 90' lang='lat' dir='ltr'>illius</span> 
     </span>
    </p>
   </div>
   <div class='ocr_carea' id='block_1_7' title="bbox 289 2984 1602 3066">
    <p class='ocr_par' dir='ltr' id='par_1_9' title="bbox 289 2984 1602 3066">
     <span class='ocr_line' id='line_1_27' title="bbox 289 2984 1602 3066; baseline 0.001 -21"><span class='ocrx_word' id='word_1_199' title='bbox 289 2984 370 3064; x_wconf 89' lang='lat' dir='ltr'>legis</span> <span class='ocrx_word' id='word_1_200' title='bbox 394 2985 596 3064; x_wconf 89' lang='lat' dir='ltr'>iniquitatem</span> <span class='ocrx_word' id='word_1_201' title='bbox 617 2984 791 3058; x_wconf 85' lang='lat' dir='ltr'>illustravit,</span> <span class='ocrx_word' id='word_1_202' title='bbox 818 3005 901 3065; x_wconf 87' lang='lat' dir='ltr'>quae</span> <span class='ocrx_word' id='word_1_203' title='bbox 917 2987 1109 3066; x_wconf 90' lang='lat' dir='ltr'>peregrinos</span> <span class='ocrx_word' id='word_1_204' title='bbox 1132 2986 1219 3066; x_wconf 90' lang='lat' dir='ltr'>apud</span> <span class='ocrx_word' id='word_1_205' title='bbox 1234 2985 1373 3047; x_wconf 91' lang='lat' dir='ltr'>arbitros</span> <span class='ocrx_word' id='word_1_206' title='bbox 1389 2993 1512 3046; x_wconf 90' lang='lat' dir='ltr'>certare</span> <span class='ocrx_word' id='word_1_207' title='bbox 1601 3043 1602 3052; x_wconf 69' lang='grc'>,</span> 
     </span>
    </p>
   </div>
   <div class='ocr_carea' id='block_1_8' title="bbox 241 3073 1513 4222">
    <p class='ocr_par' dir='ltr' id='par_1_10' title="bbox 241 3073 1513 4046">
     <span class='ocr_line' id='line_1_28' title="bbox 288 3073 1510 3156; baseline 0 -22"><span class='ocrx_word' id='word_1_208' title='bbox 288 3082 421 3134; x_wconf 88' lang='lat' dir='ltr'>vetaret.</span> <span class='ocrx_word' id='word_1_209' title='bbox 447 3074 530 3135; x_wconf 87' lang='lat' dir='ltr'>Nam</span> <span class='ocrx_word' id='word_1_210' title='bbox 548 3074 643 3134; x_wconf 92' lang='lat' dir='ltr'>simul</span> <span class='ocrx_word' id='word_1_211' title='bbox 667 3094 739 3135; x_wconf 91' lang='lat' dir='ltr'>cum</span> <span class='ocrx_word' id='word_1_212' title='bbox 764 3076 944 3154; x_wconf 85' lang='lat' dir='ltr'>peregrinis</span> <span class='ocrx_word' id='word_1_213' title='bbox 961 3077 1047 3138; x_wconf 89' lang='lat' dir='ltr'>cives</span> <span class='ocrx_word' id='word_1_214' title='bbox 1064 3075 1182 3136; x_wconf 90' lang='lat' dir='ltr'>damna</span> <span class='ocrx_word' id='word_1_215' title='bbox 1197 3074 1361 3150; x_wconf 84' lang='lat' dir='ltr'>iecissent,</span> <span class='ocrx_word' id='word_1_216' title='bbox 1386 3073 1510 3156; x_wconf 87' lang='lat' dir='ltr'>quibus,</span> 
     </span>
     <span class='ocr_line' id='line_1_29' title="bbox 289 3162 1512 3244; baseline 0.001 -21"><span class='ocrx_word' id='word_1_217' title='bbox 289 3165 316 3224; x_wconf 93' lang='lat' dir='ltr'>si</span> <span class='ocrx_word' id='word_1_218' title='bbox 340 3182 413 3223; x_wconf 91' lang='lat' dir='ltr'>cum</span> <span class='ocrx_word' id='word_1_219' title='bbox 438 3162 563 3225; x_wconf 91' lang='lat' dir='ltr'>civibus</span> <span class='ocrx_word' id='word_1_220' title='bbox 587 3162 764 3243; x_wconf 89' lang='lat' dir='ltr'>litigabant,</span> <span class='ocrx_word' id='word_1_221' title='bbox 791 3163 860 3224; x_wconf 91' lang='lat' dir='ltr'>sola</span> <span class='ocrx_word' id='word_1_222' title='bbox 882 3165 1059 3244; x_wconf 90' lang='lat' dir='ltr'>parastasis</span> <span class='ocrx_word' id='word_1_223' title='bbox 1083 3164 1241 3225; x_wconf 90' lang='lat' dir='ltr'>solvenda</span> <span class='ocrx_word' id='word_1_224' title='bbox 1264 3173 1341 3236; x_wconf 89' lang='lat' dir='ltr'>erat,</span> <span class='ocrx_word' id='word_1_225' title='bbox 1367 3164 1415 3224; x_wconf 93' lang='lat' dir='ltr'>sin</span> <span class='ocrx_word' id='word_1_226' title='bbox 1439 3183 1512 3224; x_wconf 93' lang='lat' dir='ltr'>cum</span> 
     </span>
     <span class='ocr_line' id='line_1_30' title="bbox 291 3251 1510 3334; baseline -0.001 -21"><span class='ocrx_word' id='word_1_227' title='bbox 291 3252 468 3334; x_wconf 90' lang='lat' dir='ltr'>peregrinis</span> <span class='ocrx_word' id='word_1_228' title='bbox 492 3271 543 3312; x_wconf 91' lang='lat' dir='ltr'>res</span> <span class='ocrx_word' id='word_1_229' title='bbox 569 3261 647 3326; x_wconf 88' lang='lat' dir='ltr'>erat,</span> <span class='ocrx_word' id='word_1_230' title='bbox 672 3259 842 3332; x_wconf 78' lang='grc' dir='ltr'><em>πρυτανεῖα</em></span> <span class='ocrx_word' id='word_1_231' title='bbox 866 3252 1108 3334; x_wconf 87' lang='lat' dir='ltr'>impendebant,</span> <span class='ocrx_word' id='word_1_232' title='bbox 1142 3253 1195 3334; x_wconf 92' lang='lat' dir='ltr'>qui</span> <span class='ocrx_word' id='word_1_233' title='bbox 1219 3261 1367 3333; x_wconf 92' lang='lat' dir='ltr'>sumptus</span> <span class='ocrx_word' id='word_1_234' title='bbox 1391 3251 1510 3314; x_wconf 90' lang='lat' dir='ltr'>multos</span> 
     </span>
     <span class='ocr_line' id='line_1_31' title="bbox 290 3340 1513 3422; baseline -0.002 -20"><span class='ocrx_word' id='word_1_235' title='bbox 290 3361 309 3402; x_wconf 88' lang='lat' dir='ltr'>a</span> <span class='ocrx_word' id='word_1_236' title='bbox 341 3341 407 3402; x_wconf 92' lang='lat' dir='ltr'>iure</span> <span class='ocrx_word' id='word_1_237' title='bbox 440 3341 669 3421; x_wconf 90' lang='lat' dir='ltr'>persequendo</span> <span class='ocrx_word' id='word_1_238' title='bbox 701 3341 863 3404; x_wconf 87' lang='lat' dir='ltr'>deterrere</span> <span class='ocrx_word' id='word_1_239' title='bbox 888 3351 1026 3421; x_wconf 93' lang='lat' dir='ltr'>poterat.</span> <span class='ocrx_word' id='word_1_240' title='bbox 1067 3341 1142 3403; x_wconf 92' lang='lat' dir='ltr'>Hoc</span> <span class='ocrx_word' id='word_1_241' title='bbox 1165 3352 1389 3422; x_wconf 87' lang='lat' dir='ltr'>argumentum</span> <span class='ocrx_word' id='word_1_242' title='bbox 1413 3340 1513 3402; x_wconf 90' lang='lat' dir='ltr'>Meier</span> 
     </span>
     <span class='ocr_line' id='line_1_32' title="bbox 290 3427 1511 3511; baseline -0.003 -19"><span class='ocrx_word' id='word_1_243' title='bbox 290 3450 355 3492; x_wconf 93' lang='lat' dir='ltr'>non</span> <span class='ocrx_word' id='word_1_244' title='bbox 379 3427 503 3504; x_wconf 83' lang='lat' dir='ltr'>refellit,</span> <span class='ocrx_word' id='word_1_245' title='bbox 528 3449 601 3490; x_wconf 90' lang='lat' dir='ltr'>cum</span> <span class='ocrx_word' id='word_1_246' title='bbox 635 3429 731 3507; x_wconf 88' lang='lat' dir='ltr'>dicat,</span> <span class='ocrx_word' id='word_1_247' title='bbox 763 3449 802 3491; x_wconf 93' lang='lat' dir='ltr'>ea</span> <span class='ocrx_word' id='word_1_248' title='bbox 833 3430 906 3510; x_wconf 85' lang='lat' dir='ltr'>lege</span> <span class='ocrx_word' id='word_1_249' title='bbox 936 3439 1146 3510; x_wconf 90' lang='lat' dir='ltr'>praecautum</span> <span class='ocrx_word' id='word_1_250' title='bbox 1170 3451 1252 3504; x_wconf 91' lang='lat' dir='ltr'>esse,</span> <span class='ocrx_word' id='word_1_251' title='bbox 1289 3450 1329 3491; x_wconf 91' lang='lat' dir='ltr'>ne</span> <span class='ocrx_word' id='word_1_252' title='bbox 1353 3428 1511 3511; x_wconf 90' lang='lat' dir='ltr'>peregrini</span> 
     </span>
     <span class='ocr_line' id='line_1_33' title="bbox 289 3518 1510 3600; baseline -0.002 -20"><span class='ocrx_word' id='word_1_253' title='bbox 289 3518 376 3599; x_wconf 89' lang='lat' dir='ltr'>apud</span> <span class='ocrx_word' id='word_1_254' title='bbox 407 3519 530 3581; x_wconf 90' lang='lat' dir='ltr'>iudices</span> <span class='ocrx_word' id='word_1_255' title='bbox 566 3518 775 3580; x_wconf 91' lang='lat' dir='ltr'>incommoda</span> <span class='ocrx_word' id='word_1_256' title='bbox 809 3527 1006 3600; x_wconf 91' lang='lat' dir='ltr'>paterentur.</span> <span class='ocrx_word' id='word_1_257' title='bbox 1047 3520 1130 3580; x_wconf 90' lang='lat' dir='ltr'>Nam</span> <span class='ocrx_word' id='word_1_258' title='bbox 1162 3519 1244 3580; x_wconf 92' lang='lat' dir='ltr'>haec</span> <span class='ocrx_word' id='word_1_259' title='bbox 1268 3519 1510 3599; x_wconf 89' lang='lat' dir='ltr'>peregrinorum</span> 
     </span>
     <span class='ocr_line' id='line_1_34' title="bbox 264 3605 1510 3683; baseline -0.002 -14"><span class='ocrx_word' id='word_1_260' title='bbox 264 3677 266 3683; x_wconf 43' lang='lat'>,</span> <span class='ocrx_word' id='word_1_261' title='bbox 290 3627 367 3669; x_wconf 89' lang='lat' dir='ltr'>cura</span> <span class='ocrx_word' id='word_1_262' title='bbox 391 3627 411 3668; x_wconf 90' lang='lat' dir='ltr'>a</span> <span class='ocrx_word' id='word_1_263' title='bbox 433 3615 578 3668; x_wconf 90' lang='lat' dir='ltr'>veterum</span> <span class='ocrx_word' id='word_1_264' title='bbox 598 3605 798 3668; x_wconf 89' lang='lat' dir='ltr'>Graecorum</span> <span class='ocrx_word' id='word_1_265' title='bbox 822 3608 1061 3670; x_wconf 88' lang='lat' dir='ltr'>consuetudine</span> <span class='ocrx_word' id='word_1_266' title='bbox 1085 3608 1292 3682; x_wconf 89' lang='lat' dir='ltr'>abhorrebat,</span> <span class='ocrx_word' id='word_1_267' title='bbox 1318 3607 1431 3668; x_wconf 92' lang='lat' dir='ltr'>civium</span> <span class='ocrx_word' id='word_1_268' title='bbox 1455 3606 1510 3668; x_wconf 90' lang='lat' dir='ltr'>uti·</span> 
     </span>
     <span class='ocr_line' id='line_1_35' title="bbox 241 3693 1511 3777; baseline -0.002 -20"><span class='ocrx_word' id='word_1_269' title='bbox 241 3714 246 3723; x_wconf 90' lang='lat'><strong>·</strong></span> <span class='ocrx_word' id='word_1_270' title='bbox 289 3696 362 3757; x_wconf 89' lang='lat' dir='ltr'>litas</span> <span class='ocrx_word' id='word_1_271' title='bbox 385 3693 635 3776; x_wconf 84' lang='lat' dir='ltr'>praeferebatur.</span> <span class='ocrx_word' id='word_1_272' title='bbox 666 3695 709 3757; x_wconf 90' lang='lat' dir='ltr'>Et</span> <span class='ocrx_word' id='word_1_273' title='bbox 732 3696 855 3758; x_wconf 91' lang='lat' dir='ltr'>civibus</span> <span class='ocrx_word' id='word_1_274' title='bbox 879 3706 967 3758; x_wconf 89' lang='lat' dir='ltr'>certe</span> <span class='ocrx_word' id='word_1_275' title='bbox 991 3717 1029 3758; x_wconf 90' lang='lat' dir='ltr'>ea</span> <span class='ocrx_word' id='word_1_276' title='bbox 1052 3697 1107 3758; x_wconf 92' lang='lat' dir='ltr'>lex</span> <span class='ocrx_word' id='word_1_277' title='bbox 1130 3699 1303 3774; x_wconf 89' lang='lat' dir='ltr'>nocuisset,</span> <span class='ocrx_word' id='word_1_278' title='bbox 1336 3695 1511 3777; x_wconf 86' lang='lat' dir='ltr'>peregrinis</span> 
     </span>
     <span class='ocr_line' id='line_1_36' title="bbox 289 3783 1511 3867; baseline -0.002 -22"><span class='ocrx_word' id='word_1_279' title='bbox 289 3784 464 3847; x_wconf 89' lang='lat' dir='ltr'>commoda</span> <span class='ocrx_word' id='word_1_280' title='bbox 488 3804 553 3845; x_wconf 92' lang='lat' dir='ltr'>non</span> <span class='ocrx_word' id='word_1_281' title='bbox 577 3793 732 3864; x_wconf 88' lang='lat' dir='ltr'>parasset.</span> <span class='ocrx_word' id='word_1_282' title='bbox 763 3785 848 3847; x_wconf 92' lang='lat' dir='ltr'>Nam</span> <span class='ocrx_word' id='word_1_283' title='bbox 879 3786 1040 3867; x_wconf 91' lang='lat' dir='ltr'>peregrini</span> <span class='ocrx_word' id='word_1_284' title='bbox 1071 3806 1136 3847; x_wconf 91' lang='lat' dir='ltr'>non</span> <span class='ocrx_word' id='word_1_285' title='bbox 1168 3788 1271 3848; x_wconf 91' lang='lat' dir='ltr'>minus</span> <span class='ocrx_word' id='word_1_286' title='bbox 1303 3805 1399 3866; x_wconf 88' lang='lat' dir='ltr'>quam</span> <span class='ocrx_word' id='word_1_287' title='bbox 1423 3783 1511 3845; x_wconf 89' lang='lat' dir='ltr'>cives</span> 
     </span>
     <span class='ocr_line' id='line_1_37' title="bbox 289 3873 1508 3956; baseline -0.002 -20"><span class='ocrx_word' id='word_1_288' title='bbox 289 3880 458 3954; x_wconf 82' lang='grc' dir='ltr'><em>πρυτανεῖα</em></span> <span class='ocrx_word' id='word_1_289' title='bbox 481 3873 608 3934; x_wconf 90' lang='lat' dir='ltr'>solvere</span> <span class='ocrx_word' id='word_1_290' title='bbox 633 3873 829 3936; x_wconf 90' lang='lat' dir='ltr'>verebantur</span> <span class='ocrx_word' id='word_1_291' title='bbox 860 3884 893 3936; x_wconf 90' lang='lat' dir='ltr'>et</span> <span class='ocrx_word' id='word_1_292' title='bbox 923 3895 1021 3956; x_wconf 88' lang='lat' dir='ltr'>saepe</span> <span class='ocrx_word' id='word_1_293' title='bbox 1054 3875 1199 3936; x_wconf 90' lang='lat' dir='ltr'>iniuriam</span> <span class='ocrx_word' id='word_1_294' title='bbox 1223 3875 1289 3955; x_wconf 91' lang='lat' dir='ltr'>pati</span> <span class='ocrx_word' id='word_1_295' title='bbox 1314 3873 1508 3944; x_wconf 88' lang='lat' dir='ltr'>maluissent,</span> 
     </span>
     <span class='ocr_line' id='line_1_38' title="bbox 290 3962 1073 4046; baseline 0.003 -22"><span class='ocrx_word' id='word_1_296' title='bbox 290 3983 386 4043; x_wconf 88' lang='lat' dir='ltr'>quam</span> <span class='ocrx_word' id='word_1_297' title='bbox 411 3971 637 4042; x_wconf 87' lang='lat' dir='ltr'>sumptuosam</span> <span class='ocrx_word' id='word_1_298' title='bbox 661 3962 806 4042; x_wconf 89' lang='lat' dir='ltr'>litigandi</span> <span class='ocrx_word' id='word_1_299' title='bbox 829 3964 914 4024; x_wconf 90' lang='lat' dir='ltr'>viam</span> <span class='ocrx_word' id='word_1_300' title='bbox 938 3965 1073 4046; x_wconf 88' lang='lat' dir='ltr'>ingredi.</span> 
     </span>
    </p>

    <p class='ocr_par' dir='ltr' id='par_1_11' title="bbox 289 4050 1512 4222">
     <span class='ocr_line' id='line_1_39' title="bbox 334 4050 1508 4132; baseline 0 -20"><span class='ocrx_word' id='word_1_301' title='bbox 334 4051 480 4113; x_wconf 89' lang='lat' dir='ltr'>Eaedem</span> <span class='ocrx_word' id='word_1_302' title='bbox 504 4070 631 4124; x_wconf 89' lang='lat' dir='ltr'>causae,</span> <span class='ocrx_word' id='word_1_303' title='bbox 657 4051 774 4132; x_wconf 89' lang='lat' dir='ltr'>quibus</span> <span class='ocrx_word' id='word_1_304' title='bbox 797 4053 987 4115; x_wconf 89' lang='lat' dir='ltr'>arbitrorum</span> <span class='ocrx_word' id='word_1_305' title='bbox 1012 4053 1095 4115; x_wconf 90' lang='lat' dir='ltr'>inter</span> <span class='ocrx_word' id='word_1_306' title='bbox 1118 4053 1204 4114; x_wconf 90' lang='lat' dir='ltr'>cives</span> <span class='ocrx_word' id='word_1_307' title='bbox 1227 4050 1401 4114; x_wconf 90' lang='lat' dir='ltr'>iurisdictio</span> <span class='ocrx_word' id='word_1_308' title='bbox 1424 4069 1508 4112; x_wconf 89' lang='lat' dir='ltr'>com·</span> 
     </span>
     <span class='ocr_line' id='line_1_40' title="bbox 289 4139 1512 4222; baseline -0.001 -21"><span class='ocrx_word' id='word_1_309' title='bbox 289 4139 513 4218; x_wconf 89' lang='lat' dir='ltr'>mendabatur,</span> <span class='ocrx_word' id='word_1_310' title='bbox 537 4159 582 4201; x_wconf 91' lang='lat' dir='ltr'>sc.</span> <span class='ocrx_word' id='word_1_311' title='bbox 609 4149 643 4202; x_wconf 93' lang='lat' dir='ltr'>ut</span> <span class='ocrx_word' id='word_1_312' title='bbox 666 4149 813 4220; x_wconf 92' lang='lat' dir='ltr'>sumptus</span> <span class='ocrx_word' id='word_1_313' title='bbox 837 4149 869 4203; x_wconf 91' lang='lat' dir='ltr'>et</span> <span class='ocrx_word' id='word_1_314' title='bbox 893 4141 1090 4222; x_wconf 90' lang='lat' dir='ltr'>privatorum</span> <span class='ocrx_word' id='word_1_315' title='bbox 1115 4151 1147 4204; x_wconf 91' lang='lat' dir='ltr'>et</span> <span class='ocrx_word' id='word_1_316' title='bbox 1172 4141 1215 4202; x_wconf 91' lang='lat' dir='ltr'>rei</span> <span class='ocrx_word' id='word_1_317' title='bbox 1239 4140 1390 4221; x_wconf 90' lang='lat' dir='ltr'>publicae</span> <span class='ocrx_word' id='word_1_318' title='bbox 1414 4141 1512 4202; x_wconf 92' lang='lat' dir='ltr'>minu·</span> 
     </span>
    </p>
   </div>
   <div class='ocr_carea' id='block_1_9' title="bbox 288 4285 447 4292">
    <p class='ocr_par' dir='ltr' id='par_1_12' title="bbox 288 4285 447 4292">
     <span class='ocr_line' id='line_1_41' title="bbox 288 4285 447 4292; baseline -0.006 -1"><span class='ocrx_word' id='word_1_319' title='bbox 288 4285 447 4292; x_wconf 53' lang='lat'>*—</span> 
     </span>
    </p>
   </div>
   <div class='ocr_carea' id='block_1_10' title="bbox 326 4351 1104 4418">
    <p class='ocr_par' dir='ltr' id='par_1_13' title="bbox 326 4351 1104 4418">
     <span class='ocr_line' id='line_1_42' title="bbox 326 4351 1104 4418; baseline 0.004 -17"><span class='ocrx_word' id='word_1_320' title='bbox 326 4351 349 4414; x_wconf 85' lang='lat' dir='ltr'>l)</span> <span class='ocrx_word' id='word_1_321' title='bbox 368 4354 384 4402; x_wconf 93' lang='lat' dir='ltr'>i.</span> <span class='ocrx_word' id='word_1_322' title='bbox 404 4370 425 4405; x_wconf 85' lang='lat' dir='ltr'>e.</span> <span class='ocrx_word' id='word_1_323' title='bbox 445 4367 551 4416; x_wconf 84' lang='lat' dir='ltr'>parvum</span> <span class='ocrx_word' id='word_1_324' title='bbox 570 4357 692 4418; x_wconf 84' lang='lat' dir='ltr'>temporis</span> <span class='ocrx_word' id='word_1_325' title='bbox 712 4355 819 4417; x_wconf 88' lang='lat' dir='ltr'>spatium</span> <span class='ocrx_word' id='word_1_326' title='bbox 838 4357 861 4404; x_wconf 92' lang='lat' dir='ltr'>in</span> <span class='ocrx_word' id='word_1_327' title='bbox 880 4355 944 4403; x_wconf 87' lang='lat' dir='ltr'>urbe</span> <span class='ocrx_word' id='word_1_328' title='bbox 965 4363 1104 4404; x_wconf 85' lang='lat' dir='ltr'>morantes.</span> 
     </span>
    </p>
   </div>
   <div class='ocr_carea' id='block_1_11' title="bbox 289 4435 1513 4647">
    <p class='ocr_par' dir='ltr' id='par_1_14' title="bbox 289 4435 1513 4647">
     <span class='ocr_line' id='line_1_43' title="bbox 325 4435 1509 4506; baseline -0.001 -15"><span class='ocrx_word' id='word_1_329' title='bbox 325 4439 348 4505; x_wconf 73' lang='grc'>2)</span> <span class='ocrx_word' id='word_1_330' title='bbox 368 4442 407 4491; x_wconf 83' lang='lat' dir='ltr'>Cf.</span> <span class='ocrx_word' id='word_1_331' title='bbox 428 4441 536 4504; x_wconf 80' lang='lat' dir='ltr'>Lipsius,</span> <span class='ocrx_word' id='word_1_332' title='bbox 553 4435 671 4490; x_wconf 77' lang='lat' dir='ltr'>Berichte</span> <span class='ocrx_word' id='word_1_333' title='bbox 689 4450 748 4504; x_wconf 68' lang='lat' dir='ltr'>etc,</span> <span class='ocrx_word' id='word_1_334' title='bbox 768 4459 792 4506; x_wconf 89' lang='lat' dir='ltr'>p.</span> <span class='ocrx_word' id='word_1_335' title='bbox 812 4443 845 4492; x_wconf 81' lang='lat'>53</span> <span class='ocrx_word' id='word_1_336' title='bbox 866 4443 924 4490; x_wconf 87' lang='lat' dir='ltr'>adn.</span> <span class='ocrx_word' id='word_1_337' title='bbox 944 4442 973 4491; x_wconf 80' lang='lat'>2:</span> <span class='ocrx_word' id='word_1_338' title='bbox 1003 4443 1067 4492; x_wconf 85' lang='lat' dir='ltr'>Dern</span> <span class='ocrx_word' id='word_1_339' title='bbox 1088 4443 1182 4492; x_wconf 79' lang='lat' dir='ltr'>Geretz</span> <span class='ocrx_word' id='word_1_340' title='bbox 1202 4443 1266 4491; x_wconf 84' lang='lat' dir='ltr'>nach</span> <span class='ocrx_word' id='word_1_341' title='bbox 1287 4457 1371 4490; x_wconf 81' lang='lat' dir='ltr'>waren</span> <span class='ocrx_word' id='word_1_342' title='bbox 1391 4442 1509 4502; x_wconf 86' lang='lat' dir='ltr'>Fremde,</span> 
     </span>
     <span class='ocr_line' id='line_1_44' title="bbox 289 4509 1513 4579; baseline -0.001 -18"><span class='ocrx_word' id='word_1_343' title='bbox 289 4513 379 4563; x_wconf 85' lang='lat' dir='ltr'>soweit</span> <span class='ocrx_word' id='word_1_344' title='bbox 397 4513 433 4561; x_wconf 88' lang='lat' dir='ltr'>sie</span> <span class='ocrx_word' id='word_1_345' title='bbox 447 4515 514 4562; x_wconf 74' lang='lat' dir='ltr'>n‘chr</span> <span class='ocrx_word' id='word_1_346' title='bbox 532 4513 555 4557; x_wconf 88' lang='lat' dir='ltr'>in</span> <span class='ocrx_word' id='word_1_347' title='bbox 567 4513 656 4561; x_wconf 75' lang='lat' dir='ltr'>Attila</span> <span class='ocrx_word' id='word_1_348' title='bbox 675 4517 788 4579; x_wconf 63' lang='lat' dir='ltr'>ansissig</span> <span class='ocrx_word' id='word_1_349' title='bbox 800 4529 894 4572; x_wconf 79' lang='lat' dir='ltr'>waren,</span> <span class='ocrx_word' id='word_1_350' title='bbox 913 4528 958 4562; x_wconf 88' lang='lat' dir='ltr'>nur</span> <span class='ocrx_word' id='word_1_351' title='bbox 972 4514 1011 4561; x_wconf 77' lang='lat' dir='ltr'>sur</span> <span class='ocrx_word' id='word_1_352' title='bbox 1029 4510 1100 4562; x_wconf 79' lang='grc' dir='ltr'><em>δίκαι</em></span> <span class='ocrx_word' id='word_1_353' title='bbox 1119 4509 1170 4562; x_wconf 82' lang='grc' dir='ltr'>ἀπὸ</span> <span class='ocrx_word' id='word_1_354' title='bbox 1189 4510 1328 4578; x_wconf 73' lang='grc' dir='ltr'><em>συμβόλων</em></span> <span class='ocrx_word' id='word_1_355' title='bbox 1347 4513 1513 4564; x_wconf 58' lang='grc' dir='ltr'>ιιΗεηάεΙει</span> 
     </span>
     <span class='ocr_line' id='line_1_45' title="bbox 289 4585 556 4647; baseline 0.004 -14"><span class='ocrx_word' id='word_1_356' title='bbox 289 4586 378 4647; x_wconf 84' lang='lat' dir='ltr'>klagen</span> <span class='ocrx_word' id='word_1_357' title='bbox 398 4585 556 4641; x_wconf 75' lang='lat' dir='ltr'>rechtssa&#39;hig.</span> 
     </span>
    </p>
   </div>
   <div class='ocr_carea' id='block_1_12' title="bbox 0 0 1624 5478">
    <p class='ocr_par' dir='ltr' id='par_1_15' title="bbox 0 0 1624 5478">
     <span class='ocr_line' id='line_1_46' title="bbox 0 0 1624 5478; baseline 0 0"><span class='ocrx_word' id='word_1_358' title='bbox 0 0 1624 5478; x_wconf 95' lang='lat' dir='ltr'> </span> 
     </span>
    </p>
   </div>
  </div>
 </body>
</html>
