3240 5478
618 602 837 666 ..29-

158 781 300 843 Frankel
310 781 334 864 1)
365 781 557 844 arbitrorum
589 781 762 862 collegium
794 800 868 843 cum
900 780 1163 843 nomothetarum
1199 779 1347 861 collegio·

104 871 327 951 comparavit.
346 869 493 950 Quorum
506 869 692 950 praesidem
704 870 825 954 βουλήν
839 869 1050 932 destinavisse
1063 878 1202 933 constat.
1227 869 1348 952 Itaque·

104 964 137 1024 si
163 959 243 1042 quid
266 959 369 1020 simile
398 959 439 1020 de
469 958 597 1020 arbitris
621 959 828 1036 coniciemuS,
864 978 928 1020 non
953 959 998 1021 ita
1020 957 1119 1039 longe
1144 979 1163 1019 a
1186 978 1264 1020 vero
1288 958 1342 1020 ab·

104 1049 305 1116 errabimus,

156 1138 318 1200 Praesidis
342 1146 492 1218 potestas
515 1137 574 1199 suit
597 1156 645 1211 ea,
671 1156 754 1217 quae
776 1133 809 1198 in
834 1156 990 1200 consessu
1014 1138 1203 1214 agebantur,
1229 1155 1351 1218 regere

106 1237 145 1291 et
164 1228 207 1289 de
227 1227 428 1308 εἰσαγγελίαις
451 1227 494 1287 ab
518 1228 592 1306 ipso
616 1226 761 1307 acceptis
785 1225 923 1287 arbitros
947 1226 978 1286 in
1002 1225 1155 1305 suffragia
1175 1223 1350 1307 mittere2).

104 1317 163 1378 De
189 1335 324 1377 numero
349 1335 561 1378 consessuum
586 1335 685 1395 supra
702 1314 899 1394 disputatum
917 1321 975 1377 est.
1001 1313 1210 1376 Duodecimo
1230 1333 1342 1376 mense
1423 1373 1426 1384 ,

104 1405 224 1486 plures
247 1425 421 1467 consessus
453 1404 674 1478 habebantur,
713 1404 874 1486 prioribus
905 1403 1072 1465 mensibus
1104 1402 1250 1483 singulos
1274 1401 1343 1466 fere

104 1494 279 1556 suffecisse
302 1495 493 1574 putaverim.

691 1720 765 1806 §a

291 1885 449 1986 Quibus
476 1888 519 1959 ln
549 1889 698 1978 causis¹
713 1887 854 1961 arbitri
881 1885 1166 1960 iudicaverint.

158 2078 288 2159 Quibus
320 2079 351 2140 in
383 2079 487 2140 causis
522 2079 651 2142 arbitris
675 2078 836 2142 iudicandi
869 2075 962 2141 fuerit
985 2087 1151 2159 potestaS,
1185 2089 1219 2142 et
1242 2081 1354 2143 Meier·

108 2168 161 2250 (p.
184 2170 223 2230 18
238 2166 299 2254 sq.)
323 2177 356 2230 et
379 2167 507 2232 Hubert
523 2165 566 2252 (p.
584 2168 626 2230 35
651 2168 715 2252 sq.)
740 2169 840 2230 multo
872 2187 944 2228 curn
977 2168 1085 2229 studio
1103 2171 1346 2250 quaesiverunt.

106 2257 215 2320 Meicr
239 2257 366 2320 incertis
398 2259 595 2337 argumentis
631 2259 748 2320 ductus
779 2256 963 2336 complures
996 2277 1111 2319 causas
1136 2257 1206 2320 foro
1231 2279 1346 2322 eorum

109 2346 265 2427 excepit,
301 2345 429 2408 Hubert
461 2352 506 2426 (p.
525 2344 578 2432 39)
602 2347 781 2421 contendit,
814 2345 886 2425 lege
910 2345 1028 2424 Lysiae
1051 2347 1257 2428 temporibus
1280 2347 1352 2410 lata,

108 2455 230 2499 omnes
254 2435 395 2514 privatas
419 2435 536 2496 civium
568 2455 683 2496 causas
707 2443 837 2515 praeter
860 2454 926 2510 eae,
951 2455 1036 2515 quae
1060 2436 1145 2498 δίκαι
1169 2437 1346 2519 ε’μιτορικαί

109 2523 318 2598 dicebantur,
344 2523 432 2602 apud
455 2524 609 2585 arbitrum
637 2526 690 2603 agi
714 2523 895 2590 debuissse.
920 2523 1098 2606 Peregrinis
1122 2534 1231 2586 autem
1256 2527 1345 2606 apud·

108 2613 253 2675 arbitros
284 2620 408 2675 certare
441 2633 506 2674 non
537 2613 677 2675 licuisse.
722 2612 785 2696 (cf,
810 2611 899 2674 Suid.
925 2633 951 2674 s.
975 2634 1005 2674 v.
1031 2613 1182 2698 διαιτηταί
1215 2623 1247 2676 et
1278 2615 1351 2676 lex...
1435 2680 1438 2686 ,

111 2700 212 2782 Segu.
237 2722 270 2782 p.
288 2701 362 2780 310,
393 2701 441 2763 17.
467 2701 588 2764 Psellus
616 2699 727 2783 102³),

157 2790 353 2852 Dividamus
384 2791 479 2871 igitur
509 2799 612 2852 totam
656 2791 879 2872 quaestionem
919 2790 961 2851 ab
993 2790 1173 2854 Aristotele
1201 2791 1350 2872 splendi-v

110 2880 248 2941 dissime
264 2879 453 2941 illustratam
478 2888 512 2940 et
534 2881 674 2960 primum
691 2879 860 2960 loquamur

329 3103 375 3177 A.
405 3101 467 3176 De
486 3106 803 3200 peregrinorum
830 3105 1127 3180 lurisdictione.

157 3305 403 3386 Peregrinorum
429 3327 546 3370 causas
570 3307 612 3369 ad
629 3308 873 3388 polemarchum
891 3307 1014 3372 delatas
1031 3327 1105 3371 esse
1123 3308 1245 3370 dudum
1262 3329 1342 3388 cog·

110 3396 214 3456 nitum
231 3404 309 3459 erat.
328 3395 443 3458 Cetera
466 3395 661 3459 Aristoteles
684 3399 716 3459 in
740 3417 811 3478 cap.
825 3393 940 3474 LVIII,
965 3399 1055 3478 quod
1072 3398 1115 3461 de
1130 3396 1351 3477 polemarcho

110 3493 174 3558 est,
199 3483 264 3544 hac
287 3485 410 3547 ratione
434 3484 593 3565 explicat:

159 3573 251 3634 Δίκαν
267 3574 302 3636 δὲ
319 3575 524 3655 λαγχάνονται
548 3575 631 3656 πρὸς
647 3574 743 3637 αὐτὸν
767 3574 842 3637 ἴδιαι
861 3575 964 3657 μόνον
987 3577 1072 3638 αἵτε
1095 3581 1159 3644 τοῖς
1182 3575 1346 3656 μετοίκοις·

110 3661 168 3724 καὶ
199 3667 266 3730 τοῖς
295 3663 444 3726 ιὀοτελέοι
475 3665 528 3726 καὶ
559 3671 624 3732 τοῖς
656 3665 825 3744 προξένοις
856 3665 1056 3746 γιγνόμεναι·
1081 3664 1136 3726 καὶ
1159 3664 1209 3726 δεῖ
1228 3670 1351 3727 τοῦτον·

110 3750 250 3832 λαβόντα
282 3753 336 3814 καὶ
376 3753 578 3835 διανείμαντα
613 3753 690 3815 δέκα
722 3754 806 3836 μέρη
837 3752 873 3815 τὸ
904 3753 1002 3834 λαχὸν
1034 3755 1150 3832 ἑκάστῃ
1182 3755 1220 3832 τῇ
1252 3753 1339 3834 φυλῇ

109 3842 216 3922 μέρος
246 3841 444 3920 προσθεῖναι,
471 3841 546 3910 τοὺς
573 3841 608 3903 δὲ
634 3843 691 3924 τὴν
715 3842 821 3924 φυλὴν
844 3839 1062 3927 δικάζοντας4)
1085 3848 1150 3910 τοῖς
1174 3841 1351 3924 διαιτηταῖς·

110 4001 273 4009 ....-.——..——

148 4085 172 4193 ἑ)
192 4088 242 4136 Die
262 4095 307 4138 att.
328 4087 634 4169 Geschwornerrgerichte
653 4106 679 4154 p.
702 4089 742 4142 74.

149 4158 172 4296 ι
192 4157 233 4278 ε·
249 4157 502 4295 ιικιικι
527 4262 534 4278 .

147 4299 171 4365 ⁴)
190 4301 206 4351 i.
220 4317 243 4352 e.
256 4317 380 4364 pagorum
398 4302 505 4364 ludices,
524 4317 630 4366 quorum
650 4303 766 4366 quaterni
785 4302 895 4365 singulas
914 4303 994 4351 tribus
1007 4302 1162 4352 iudicabant.
1182 4303 1242 4352 Hos
1262 4302 1339 4366 sigui·

113 4373 192 4422 ficari
212 4373 367 4422 documento
392 4381 431 4422 est
443 4373 487 4422 Ar.
505 4370 556 4424 ltu.
576 4371 633 4422 πολ.
653 4388 709 4436 cap.
723 4373 766 4436 48,
789 4371 835 4439 §5
859 4378 910 4428 τοῖς
930 4372 1061 4429 δικασταῖς
1080 4379 1131 4427 τοῖς
1151 4370 1218 4423 κατὰ
1231 4371 1340 4438 δήμους,

113 4443 142 4493 οἳ
158 4439 205 4508 τὴν
225 4439 311 4508 φυλὴν
329 4440 424 4508 ταύτην
442 4440 601 4502 δικάζουσιν.
616 4441 758 4496 Ctibidem
775 4459 831 4512 cap.
846 4445 888 4503 53,
900 4445 922 4496 2.
935 4446 991 4495 Huc
1000 4447 1130 4509 pertinent
1144 4447 1195 4493 <luo
1209 4456 1351 4494 oratorum.

113 4517 180 4564 loci:
201 4516 261 4579 Lys.
283 4515 325 4574 23,
356 4512 373 4581 ξ
394 4517 423 4571 2;
443 4516 508 4567 Isse.
529 4517 598 4579 apud
624 4517 704 4580 Harp.
725 4533 745 4565 s.
764 4533 787 4565 v.
809 4514 855 4567 ὅτι.
875 4516 968 4582 Inepta
996 4525 1034 4565 est
1052 4515 1185 4580 Kenyonis
1209 4517 1352 4566 adnotabo·

112 4603 139 4653 p.
163 4585 213 4636 130
231 4601 251 4637 s.
264 4603 287 4634 v.
307 4591 359 4640 τοῖς
377 4583 426 4635 ἐπὶ.
965 4605 967 4612 .
