3240 5478
644 557 869 620 ..19-

132 729 317 792 adversarii
338 698 639 810 pronuntiationem
656 737 784 792 sentent
785 730 835 792 iae
851 729 933 792 ultra
949 731 1092 794 mediam
1110 739 1242 793 noctem
1253 732 1369 844 prohi-

131 818 274 886 bebant.
251 817 477 902 ίἚποίησαν
499 811 560 901 μὲν
574 818 635 926 γὰρ
658 820 722 896 ἔξω
739 820 852 901 μέσων
874 825 1000 882 νυκτῶν
1023 821 1079 903 τὴν
1104 821 1203 900 ὥραν,
1229 823 1299 884 οὔτε
1314 823 1369 891 τὰς

131 908 319 991 μαρτυρίας
342 908 589 988 ἀναγιγνώσκειν
618 903 791 981 ἐθέλοντες,
817 910 888 971 οὔτε
904 909 1080 990 ἀντίγραφα
1098 909 1228 983 διδόναι,
1253 915 1318 972 τῶν
1333 906 1369 973 δέ

137 997 402 1110 παρόντωνημῖν
427 994 482 1082 (=
496 1004 599 1059 testes
622 1006 770 1070 nostros;
796 995 836 1066 cf,
811 994 980 1110 [Dem]
999 1017 1046 1065 or.
1061 996 1196 1083 40§3l
1202 996 1211 1084 )
1234 999 1334 1061 καδ
1314 1023 1368 1062 ενα

132 1086 259 1148 οὑτωσί
283 1085 367 1168 πρὸς
388 1085 443 1148 τὸν
477 1085 625 1149 λίθου’
604 1109 731 1167 αγοντες
765 1087 820 1148 καὶ
842 1087 1123 1168 εξορκίζοντες..
1149 1088 1369 1150 ..Testibus

133 1175 237 1255 dgitur
267 1173 403 1254 singulis
435 1173 611 1237 adversarii
643 1173 895 1254 persuadebant,
927 1184 962 1237 ut
985 1175 1173 1238 testimonia
1196 1177 1368 1257 eiurarent,

134 1263 175 1324 id
199 1262 289 1344 quod
304 1259 468 1345 ἐξωμοσία
485 1264 573 1344 apud
591 1263 733 1344 lapidem
744 1263 767 1347 1)
780 1263 889 1332 fiebat,
921 1264 1040 1326 Nonne
1060 1264 1124 1326 hoe
1134 1265 1369 1329 Demosthenis

137 1351 216 1414 loco
240 1352 380 1414 eundem
404 1352 547 1432 lapidem
564 1354 753 1434 reperimuS,
779 1352 915 1414 eosdem
940 1361 1051 1425 testes,
1077 1354 1216 1416 eandem
1241 1348 1369 1436 ἐξωμο-

132 1441 221 1516 οίαν,
247 1460 330 1522 quae
354 1445 442 1521 apud
468 1438 708 1504 Aristotelem?
739 1441 826 1522 Quid
855 1441 944 1521 quod
968 1442 1159 1522 praeposito
1183 1442 1316 1505 articulo
1341 1446 1371 1508 oi

132 1531 221 1593 eerti
244 1538 346 1592 testes
370 1530 601 1610 significantur,
626 1531 774 1592 nimirum
799 1530 853 1610 qui
878 1531 968 1610 apud
991 1530 1128 1593 arbitros
1153 1531 1250 1610 paulo
1274 1553 1371 1614 supra

134 1619 327 1682 nominatos
349 1619 538 1680 testimonia
572 1618 761 1698 praebeant.
808 1619 862 1682 Ex
885 1619 1121 1682 Demosthenis
1145 1621 1219 1683 loco
1243 1621 1370 1683 conclu·

132 1708 256 1783 dimuS,
282 1707 492 1771 Aristotelem
524 1709 566 1770 de
590 1707 728 1771 testibus
752 1709 841 1788 apud
872 1707 1024 1789 publicos
1048 1708 1189 1772 arbitros
1216 1709 1369 1773 adhibitis

138 1797 239 1877 loqui,
272 1797 389 1859 Nonne
410 1798 508 1877 igitur
532 1797 739 1859 manifestum
764 1805 824 1874 est,
849 1797 947 1859 etiam
972 1797 1120 1874 arbitros
1146 1819 1228 1878 quos
1254 1799 1370 1863 Aristo·

134 1885 224 1948 teles
240 1886 271 1948 in
288 1886 470 1948 universum
487 1886 576 1960 dicit,
592 1885 743 1966 publicos
760 1905 832 1948 esse
846 1885 1111 1966 intellegendos?
1136 1888 1371 1952 Demosthenis

135 1974 297 2055 exemplo
321 1975 368 2036 sic
393 1976 516 2054 optime
540 1974 721 2047 illustratur,
748 1975 826 2055 quid
843 1974 1033 2037 Aristotelis
1057 1977 1158 2039 verba
1174 1976 1234 2038 sibi
1259 1977 1369 2042 velint.

187 2064 292 2126 Etiam
316 2064 368 2127 alii
396 2072 561 2126 oratorum
585 2065 665 2142 loci,
701 2063 755 2125 ubi
781 2064 821 2124 de
845 2059 1011 2146 ἐξωμοσία
1047 2065 1162 2145 agitur,
1188 2066 1250 2126 hac
1274 2065 1371 2128 inter-

145 2154 329 2233 pretatione
359 2153 545 2234 expediunt
547 2175 584 2215 ur
607 2161 640 2214 et
674 2153 792 2214 rectius
827 2152 1032 2216 illustrantur.
1079 2153 1178 2217 Velut
1201 2154 1297 2215 Dem.
1322 2171 1369 2222 or.

141 2241 186 2304 29
217 2238 300 2326 (adv
327 2241 430 2324 Aph.)
454 2240 473 2325 ξ
501 2242 544 2303 20
572 2267 629 2305 του
673 2237 708 2304 δε
743 2242 900 2325 διαιτητοῦ
937 2242 1121 2311 κελεύοντος
1155 2248 1371 2328 μαρτυρεῖνῆ

138 2327 316 2407 ἐξομνύειν,
341 2326 543 2414 ἐμαρτύρησε
566 2333 651 2394 πάνυ
674 2330 777 2413 μόγις

195 2420 291 2488 Dem
329 2441 375 2482 or.
411 2420 453 2481 45
493 2421 585 2500 (adv
628 2418 757 2503 Steph)
792 2418 815 2504 ξ
849 2417 894 2482 bO
924 2423 943 2502 ἢ
978 2427 1164 2502 μαρτυρεῖτε
1195 2424 1214 2504 ἢ
1251 2416 1371 2505 ἐξομό-

135 2509 252 2571 σασάε.
301 2509 393 2572 Haec
418 2509 549 2590 quidem
574 2509 617 2572 ad
648 2505 832 2592 έξωμοσίαν
855 2511 943 2590 apud
968 2509 1091 2572 iudices
1115 2512 1286 2590 pertinent,
1311 2512 1371 2573 sed

140 2597 162 2682 ξ]
188 2597 230 2659 58
254 2607 363 2660 orator
386 2607 418 2660 et
443 2597 485 2659 de
508 2593 673 2680 ἐξωμοσία
700 2598 789 2678 apud
813 2597 967 2660 arbitrum
992 2597 1094 2681 loquit
1095 2620 1142 2674 ur,
1167 2619 1241 2660 cum
1265 2600 1369 2666 dicat:

137 2693 200 2750 νῦν
224 2685 305 2769 δάφ’
334 2684 381 2749 ὧν
403 2688 535 2766 ὕστερον
557 2688 733 2768 πέπυσμαι,
757 2686 841 2768 πρὸς
863 2688 952 2768 αὐτῷ
974 2711 1021 2768 τῳ
1009 2688 1179 2771 διαιτητῇ
1205 2687 1372 2770 Στέφανον

139 2777 265 2839 τουτονί
289 2777 402 2886 adalp:
410 2774 511 2859 (se.
481 2801 538 2858 την
560 2776 785 2858 μαρτυρίαν)ε
768 2777 993 2888 vpppppe‘vov·
1004 2777 1153 2858 εὑρίσκω,
1179 2778 1263 2858 πρὸς
1286 2802 1371 2860 μαρ-

138 2865 252 2946 τυρίαν
267 2865 343 2936 τινά,
368 2863 402 2927 ἵν’
421 2860 648 2947 ἕξορκωσαιμι,
673 2867 863 2935 ἀναστάντος
878 2861 962 2947 ἐμοῦ
985 2866 1004 2928 i
1019 2885 1047 2929 e.
1064 2874 1237 2928 accusator
1251 2875 1371 2930 testem

136 2953 319 3015 adversarii
358 2955 401 3022 εἰς
439 2949 625 3036 έξωμοσίαν
671 2954 713 3014 ad
753 2953 840 3016 illum
876 2953 1019 3060 lapidem
1055 2956 1211 3033 duxerat,
1251 2957 1373 3019 interea

139 3041 332 3123 Stephanus
366 3043 588 3105 testimonium
622 3042 790 3122 surripuit,
826 3062 867 3103 ne
891 3045 924 3105 in
946 3038 1051 3124 εχῖνον
1075 3045 1252 3105 iniceretur.
1299 3045 1373 3109 Huc

138 3132 285 3211 pertinet
309 3132 407 3200 Dem‚
431 3151 476 3193 or.
502 3131 546 3194 49
568 3130 654 3218 (adv.
678 3130 838 3214 Timoth,)
862 3134 881 3216 ξ
907 3131 959 3198 20,
1006 3132 1213 3214 Antiphanes
1237 3134 1373 3214 Apollo·

138 3219 226 3282 doro
265 3221 486 3284 testimonium
526 3221 736 3303 promiserat,
775 3221 835 3282 sed
867 3221 919 3282 die
958 3221 1077 3284 arbitrii
1113 3242 1177 3283 non
1214 3226 1372 3303 apparuit.

154 3303 304 3378 Τιδέντος
328 3310 363 3372 δέ
381 3334 447 3392 μου
471 3311 527 3392 τὴν
551 3310 701 3391 δραχμὴν
723 3315 780 3372 τοῦ
804 3310 1053 3391 λιπομαρτυρίου
1080 3311 1160 3372 κατὰ
1183 3311 1237 3375 τόν
1260 3314 1372 3423 νόμον,

138 3399 163 3460 ό
189 3399 346 3481 διαιτητὴς
369 3423 408 3461 ου
440 3399 622 3479 κατεδιῄτα,
661 3395 771 3460 άλλΗ
754 3399 860 3461 απιὼν
884 3396 987 3479 ᾤχετο
1012 3400 1238 3481 ἀποδιαιτήσας
1260 3404 1374 3465 τούτου

148 3511 206 3568 την
241 3486 371 3560 δίαιταν,
408 3489 546 3568 ἑσπέρας
579 3488 638 3572 ἤδη
664 3489 795 3570 ουσης·
820 3489 888 3551 νυνί
923 3483 959 3549 δὲ
988 3512 1034 3569 τῳ
1060 3488 1234 3570 Ἀντιφάνει
1265 3491 1374 3575 εἴληχα

138 3575 268 3659 βλάβης
284 3575 365 3638 ιδίαν
382 3577 517 3660 δίκην,“
496 3601 542 3639 οτι
555 3601 612 3659 μοι
629 3579 682 3640 οὔτ
694 3572 926 3660 εμαρτύρησεν
939 3579 993 3640 οὔτ
990 3573 1204 3679 ἐξωμόσατο
1224 3579 1304 3641 κατὰ
1320 3581 1375 3643 τὸν

144 3665 259 3745 νόμον
284 3663 375 3745 Lege
399 3674 580 3746 praescrip
581 3686 636 3727 um
660 3685 735 3728 esse
752 3665 945 3737 videtur
910 3675 955 3744 ut,
980 3666 1007 3728 si
1032 3667 1132 3746 quist
1119 3668 1261 3729 testandi
1285 3670 1374 3748 apud

139 3753 228 3815 arbit
215 3762 298 3816 trum
322 3753 430 3816 officio
446 3756 607 3835 promisso
632 3774 668 3816 se
690 3753 874 3817 subducere
897 3716 1002 3834 vellet,
1029 3755 1061 3817 id
1084 3751 1281 3838 ἐξωμοσία
1274 3777 1305 3818 m
1321 3757 1374 3819 illo

139 3841 253 3923 lapide
278 3843 378 3909 fieret.
427 3842 461 3906 Si
492 3864 558 3904 non
592 3843 711 3920 fiebat,
747 3845 832 3905 actio
864 3844 1118 3925 λιπομαρτυρίου
1144 3844 1301 3907 adversus
1324 3866 1375 3909 re·

146 3939 314 3992 cusantem
328 3940 445 3995 testem
458 3931 602 4012 patebat.
626 3932 720 4013 Quae
737 3933 821 3994 actio
835 3953 907 3994 cum
925 3934 1032 4012 priore
1049 3936 1221 3995 coniuncta
1236 3931 1374 4018 (Neben-

145 4019 254 4104 klage)
270 4040 336 4081 non
352 4021 394 4081 ad
411 4023 636 4100 magistratum
654 4019 768 4082 deferri
785 4021 937 4093 debebat,
956 4023 1014 4084 sed
1030 4022 1113 4085 illico
1129 4024 1218 4102 apud
1235 4025 1374 4085 eundem

143 4109 310 4182 arbitrum,
336 4109 390 4190 qui
418 4129 486 4172 rem
514 4111 620 4190 ipsam
644 4109 817 4185 tractabat,
842 4111 962 4172 institui
986 4121 1115 4193 poterat
1126 4111 1160 4192 2).
1198 4113 1375 4175 Parastasis

140 4216 232 4258 uova
266 4197 424 4260 solvenda
458 4207 537 4264 erat.
591 4199 665 4260 Lite
700 4206 807 4260 autem
840 4199 1015 4262 diiudicata
1046 4200 1116 4261 sola
1149 4202 1271 4283 βλάβης
1303 4201 1374 4286 δίκη

141 4294 204 4367 pa
191 4286 352 4360 ebat
318 4295 352 4348 ut
376 4307 419 4348 ex
435 4288 554 4350 eodem
570 4286 807 4349 Demosthenis
830 4287 904 4350 loco
928 4287 1164 4376 intellegitur³).
1184 4289 1375 4372 Ἐξωμοσία

187 4446 210 4512 1)
229 4449 357 4498 Articulus
375 4444 418 4499 τόν
437 4449 548 4514 lapidem
568 4457 662 4498 certum
681 4455 818 4515 notumque
838 4450 973 4513 signifieat

183 4515 206 4582 ²)
226 4518 268 4571 Cf.
287 4519 433 4586 Hubertp.
448 4521 488 4574 39.

179 4586 261 4656 ³.)1>
281 4599 325 4642 att.
344 4589 510 4657 Process²p
524 4593 585 4642 494.
