3240 5478
614 587 838 650 ..41-

90 764 225 828 iudices
248 771 495 844 provocaverat,
520 764 552 826 id
577 763 666 845 quod
690 785 763 827 raro
787 765 908 829 factum
933 786 1006 828 esse
1032 787 1049 829 e
1074 763 1198 851 (Demi
1222 784 1269 833 or,
1286 763 1330 826 40

89 854 189 936 (adv,
214 851 322 938 Boot.)
353 851 437 936 §31
478 853 606 916 Hubert
636 855 681 936 (p.
705 854 761 936 47)
786 856 957 934 conclusit,
993 877 1052 919 sua
1080 857 1208 937 utrique
1232 855 1330 917 docu-

95 951 212 1006 menta
228 942 459 1011 reddebantur.
480 941 660 1004 Arbitrium
677 942 762 1006 nulla
777 944 1012 1026 provocatione
1029 945 1180 1029 solutum,
1197 942 1330 1005 archon·

89 1033 189 1094 tibus
213 1032 331 1094 eodem
357 1030 410 1094 die
435 1030 707 1095 subscribendum
732 1033 879 1109 dabatur,
906 1042 941 1096 ut
963 1043 1068 1097 ratum
1084 1035 1186 1100 fieret.
1211 1032 1332 1095 Omnia

95 1129 212 1183 autem
236 1120 367 1183 arbitria
390 1120 432 1182 ab
467 1139 508 1182 eo
540 1121 741 1201 magistratu,
779 1124 869 1185 cuius
904 1122 947 1185 ad
978 1122 1082 1186 sorum
1114 1120 1331 1204 pertinebant,

98 1210 292 1291 priusquam
315 1209 358 1271 ad
382 1209 557 1274 archontes
587 1211 744 1286 venirent,
769 1211 953 1292 subscripta
977 1233 1050 1276 esse
1073 1211 1247 1275 verisimile
1271 1217 1333 1286 est,

92 1298 163 1362 -sed
187 1306 276 1361 certa
300 1299 497 1361 documenta
516 1318 581 1360 non
605 1307 747 1367 exstant.
770 1299 863 1362 Haec
879 1303 1027 1382 quamvis
1042 1301 1084 1364 ab
1102 1301 1240 1364 Huberti
1264 1318 1334 1361 sen·

94 1388 206 1452 tentia
230 1387 367 1450 multum
392 1387 549 1463 differant,
574 1408 618 1450 ex
641 1388 820 1452 Aristotele
844 1389 998 1470 colligere
1022 1390 1107 1459 licet.

148 1476 216 1541 Sed
239 1496 335 1553 nunc,
370 1496 465 1558 quae,
503 1496 544 1538 ne
576 1497 693 1540 sensus
725 1480 1027 1560 interrumperetur,
1060 1479 1151 1542 brevi
1182 1479 1333 1558 exposui,

93 1575 268 1630 oratorum
292 1573 326 1630 et
349 1567 634 1648 grammaticorum
658 1565 739 1629 locis
762 1569 962 1648 comparatis
985 1569 1168 1632 accuratius
1192 1566 1333 1648 probare

99 1656 290 1736 suscipiam.

147 1745 202 1806 Ac
224 1745 363 1824 primum
388 1743 520 1825 quidem
543 1743 674 1808 Hubert
697 1743 743 1828 (p.
767 1745 833 1828 45),
858 1745 913 1827 qui
930 1748 1197 1826 provocationem
1221 1744 1264 1806 ab
1288 1764 1334 1806 ar·

97 1834 198 1897 bitris
222 1834 265 1895 ad
289 1832 411 1895 iudices
435 1852 502 1895 non
519 1833 636 1895 eadem
661 1854 748 1913 cura,
773 1855 837 1916 qua
856 1844 974 1914 cetera,
999 1835 1150 1898 tractavit
1160 1835 1196 1916 1),
1221 1842 1335 1897 contra

98 1923 261 1986 Meierum
285 1920 330 2005 (p.
356 1920 409 2006 28)
433 1923 611 1997 contendit,
636 1922 698 1984 litis
721 1923 933 1986 instrumenta
956 1943 1088 2006 semper
1107 1924 1139 1986 in
1155 1924 1242 1987 urnis
1259 1941 1334 1984 con-

100 2014 172 2075 dita
203 2021 237 2075 et
267 2011 442 2092 obsignata
472 2029 563 2090 esse,
597 2013 664 2073 sive
688 2014 880 2092 provocatio
910 2011 1002 2076 fieret
1034 2013 1102 2076 sive
1133 2033 1199 2076 non
1231 2012 1333 2075 fieret.

98 2095 195 2164 Haec
217 2101 379 2163 sententia
402 2119 468 2161 non
492 2102 594 2162 modo
617 2101 805 2164 Aristotelis
828 2101 946 2182 verbis,
972 2103 1026 2184 qui
1044 2103 1167 2183 ἐχίνους
1191 2104 1251 2166 nisi
1263 2121 1336 2181 pro-

97 2191 275 2253 vocatione
298 2188 385 2251 facta
407 2208 473 2250 non
502 2188 692 2272 obsignatos
717 2211 788 2252 esse
812 2200 926 2271 aperte
950 2191 1044 2271 dicit,
1070 2191 1239 2266 refutatur,
1275 2191 1336 2254 sed

94 2283 202 2344 etiam
227 2299 299 2342 cum
323 2277 592 2359 Harpocrationis
616 2279 831 2342 adnotatione
846 2300 872 2348 s.
890 2301 920 2344 V.
934 2281 1093 2365 drotmanni,
1119 2282 1183 2344 iam
1207 2279 1335 2361 pridem

100 2377 193 2448 nota,
207 2368 360 2449 coniungi
373 2367 461 2429 nullo
478 2368 579 2430 modo
596 2367 724 2448 potest'
743 2369 845 2449 Apud
859 2368 947 2432 illum
964 2372 1050 2434 enim
1066 2371 1149 2433 haec
1165 2370 1334 2450 leguntur:

99 2459 156 2521 καὶ
180 2458 209 2520 εἰ
228 2457 288 2538 μὲν
310 2460 426 2539 ἤρεσκε
456 2463 522 2526 τοῖς
553 2457 736 2528 ἀντιδίκοις,
768 2460 858 2529 τέλος
888 2461 969 2540 εἶχεν
992 2463 1012 2543 ἡ
1037 2459 1109 2543 δίκη
1127 2479 1133 2492 ·
1150 2459 1186 2521 εἰ
1207 2458 1249 2521 δὲ
1271 2460 1335 2540 μή,

97 2548 138 2610 τὰ
163 2547 345 2629 ἐγκλήματα
370 2547 423 2609 καί
454 2545 509 2614 τὰς
540 2548 733 2629 προκλήσεις
763 2550 817 2610 καὶ
848 2549 903 2618 τάς
933 2549 1119 2630 μαρτυρίας,
1157 2549 1199 2610 ἔτι
1223 2546 1259 2609 δὲ
1282 2547 1336 2608 καὶ

98 2637 176 2705 τοὺς
198 2637 320 2717 νόμους
354 2637 408 2698 καὶ
431 2635 487 2704 τὰς
510 2635 608 2704 ἄλλας
631 2637 748 2704 πίστεις
771 2639 935 2719 ἑκατέρων
959 2638 1151 2720 ἐμβαλόντες
1174 2637 1217 2705 εἰς
1245 2635 1336 2698 καδί-

91 2749 200 2794 σκους
223 2726 276 2788 καὶ
300 2725 521 2808 σημηνάμενοι
544 2725 760 2807 παρεδίδοσαν
794 2734 859 2796 τοῖς
890 2728 1090 2808 εἰςαναιγεῦσι
1120 2732 1186 2788 τῶν
1221 2725 1332 2787 δικῶν.

91 2813 341 2878 ¹Grammaticus
355 2822 504 2877 accurate
517 2814 686 2895 distinguit
697 2811 782 2899 (εἰδὲ
794 2815 943 2900 winter
954 2816 1135 2897 simplicem
1148 2815 1212 2877 litis
1224 2813 1333 2892 finem,

93 2907 127 2966 si
151 2902 262 2964 arbitri
285 2903 447 2966 sententia
470 2902 598 2984 utrique
622 2905 815 2965 certantium
832 2904 995 2984 placebat,
1019 2914 1053 2968 et
1069 2903 1333 2985 obsignationem

93 2993 225 3073 ἐχίνων,
243 2991 269 3052 si
286 2992 482 3073 provocatio
498 2991 586 3054 sacta
603 3002 682 3060 erat,
706 2993 798 3054 idem
816 3012 930 3054 sensus
947 3013 965 3055 e
981 2993 1121 3055 Pollucis
1137 2991 1234 3077 (VIII,
1258 2992 1333 3074 127)

98 3081 220 3160 verbis,
245 3081 393 3162 quamvis
418 3081 564 3143 mutilata
583 3084 656 3166 sint,
681 3081 797 3149 elucet.
830 3081 898 3144 Sed
922 3091 1053 3161 praeter
1076 3091 1220 3144 veterum
1245 3080 1333 3143 testi-

95 3171 209 3234 monia
238 3171 312 3250 ipsa
342 3170 558 3250 probabilitas
589 3170 727 3233 eandem
751 3173 944 3232 sententiam
968 3171 1124 3239 defendit.
1165 3169 1223 3231 Cui
1248 3171 1333 3231 enim

99 3261 191 3322 bono
215 3269 308 3324 erant
332 3259 529 3321 documenta
553 3259 730 3322 certamine
753 3258 855 3335 finito,
880 3261 1071 3341 praesertim
1097 3279 1171 3321 curn
1189 3258 1332 3320 Athenis

91 3349 238 3412 eandem
263 3369 395 3410 causam
419 3348 491 3429 plus
521 3368 618 3429 quam
642 3349 744 3410 semel
767 3369 868 3428 agere
891 3349 965 3429 lege
989 3351 1123 3412 vetitum
1147 3346 1262 3411 esset?
1297 3349 1333 3408 In

98 3439 170 3502 aliis
194 3445 301 3500 autem
326 3438 432 3499 causis
457 3446 574 3517 postea
605 3439 744 3517 agendis
780 3446 869 3499 certe
892 3458 958 3500 non
981 3438 1117 3500 multum
1141 3437 1332 3517 proderant.

98 3529 187 3590 Nam
211 3535 246 3588 ut
269 3527 408 3589 Romani
433 3546 561 3588 summa
594 3526 760 3607 diligentia
784 3547 900 3589 causas
932 3527 1170 3606 praecedentes
1190 3526 1274 3587 inter
1296 3543 1333 3586 se

97 3616 222 3680 similes
245 3614 464 3695 conferebant,
489 3616 532 3677 ita
556 3615 672 3678 Graeci
696 3617 850 3678 scientiae
866 3616 941 3677 iuris
965 3635 1098 3696 parvam
1114 3634 1249 3695 operam
1273 3614 1332 3674 im·

99 3707 311 3787 pertiverunt.
336 3705 449 3767 Inutile
474 3714 544 3768 erat
568 3705 719 3782 exempla
743 3714 776 3766 et
799 3705 998 3767 documenta
1017 3703 1190 3777 cumulare,
1217 3702 1333 3784 quibus

102 3814 201 3858 nemo
225 3802 375 3861 uteretur.

146 3883 214 3946 Sed
238 3883 370 3946 obstare
393 3883 537 3964 videtur,
562 3883 652 3965 quod
677 3884 764 3944 actio
787 3884 832 3964 μὴ
858 3884 965 3966 οὔσης,
999 3883 1025 3944 si
1050 3883 1120 3964 quis
1145 3880 1267 3942 absens
1291 3879 1334 3941 ab

91 3973 225 4036 arbitro
249 3971 486 4034 condemnatus
510 3981 588 4051 erat,
613 3973 695 4033 intra
719 3971 833 4032 decem
858 3972 929 4033 dies
952 3979 1029 4051 post
1053 3971 1176 4033 dictam
1200 3977 1334 4031 senten-

99 4063 179 4123 tiam
205 4060 324 4123 institui
350 4059 524 4142 poteratss).
573 4061 661 4141 Quid
685 4079 775 4142 erg0,
808 4061 834 4122 si
860 4061 1059 4122 documenta
1083 4079 1150 4120 non
1174 4057 1333 4121 aderant?

99 4151 177 4212 Hoc
200 4169 278 4212 sane
303 4158 390 4211 esset
409 4150 539 4231 aliquid,
565 4150 590 4212 si
614 4150 656 4210 ad
680 4149 844 4212 actionem
868 4149 914 4231 μὴ
940 4151 1039 4231 οὔσης
1056 4148 1119 4211 litis
1136 4147 1335 4211 documenta

98 4239 287 4302 necessaria
302 4236 448 4306 luissent.
473 4240 521 4300 At
544 4237 608 4300 hoc
633 4257 731 4299 unum
749 4237 977 4318 quaerebatur,
1000 4257 1076 4298 num
1094 4237 1334 4298 condemnatus

97 4331 185 4391 iusta
209 4327 250 4389 de
273 4347 371 4389 causa
395 4327 517 4389 arbitrii
542 4328 595 4389 die
620 4325 763 4392 aluisset.
801 4325 835 4388 Si
859 4326 924 4388 hoc
948 4325 1129 4400 videbatur,
1155 4345 1206 4386 res
1230 4327 1261 4387 in
1286 4326 1334 4386 in·

137 4523 160 4589 1)
179 4525 252 4574 Idem
271 4523 396 4588 vituperat
415 4523 561 4573 Landwehr
580 4523 606 4571 in
627 4523 813 4574 Wochenschr.
833 4522 849 4570 f.
868 4522 944 4574 klass.
963 4522 1057 4573 Philol.
1076 4522 1125 4585 III,
1143 4537 1170 4586 p.
1192 4519 1282 4582 2less.

137 4594 162 4662 2)
182 4596 222 4673 Cl.
241 4595 307 4647 Poll.
326 4596 400 4656 VllI,
420 4595 462 4643 (ιΟ.
481 4595 588 4643 Photius
610 4611 628 4642 s.
649 4611 671 4642 v.
691 4589 728 4658 μη
750 4589 815 4642 οὖσα
835 4591 905 4656 δίκη.
