<?xml version="1.0" encoding="UTF-8"?>
<!DOCTYPE html PUBLIC "-//W3C//DTD XHTML 1.0 Transitional//EN"
    "http://www.w3.org/TR/xhtml1/DTD/xhtml1-transitional.dtd">
<html xmlns="http://www.w3.org/1999/xhtml" xml:lang="en" lang="en">
 <head>
  <title>
</title>
<meta http-equiv="Content-Type" content="text/html;charset=utf-8" />
  <meta name='ocr-system' content='tesseract 3.04.00' />
  <meta name='ocr-capabilities' content='ocr_page ocr_carea ocr_par ocr_line ocrx_word'/>
</head>
<body>
  <div class='ocr_page' id='page_1' title='image "./dearbitrisathen00piscgoog_0013.png"; bbox 0 0 3240 5478; ppageno 0'>
   <div class='ocr_carea' id='block_1_1' title="bbox 769 557 994 620">
    <p class='ocr_par' dir='ltr' id='par_1_1' title="bbox 769 557 994 620">
     <span class='ocr_line' id='line_1_1' title="bbox 769 557 994 620; baseline 0.036 -20"><span class='ocrx_word' id='word_1_1' title='bbox 769 591 828 606; x_wconf 24' lang='grc' dir='ltr'>..ς</span> <span class='ocrx_word' id='word_1_2' title='bbox 867 557 907 620; x_wconf 90' lang='lat'>10</span> <span class='ocrx_word' id='word_1_3' title='bbox 955 589 994 608; x_wconf 51' lang='lat'>.-</span> 
     </span>
    </p>
   </div>
   <div class='ocr_carea' id='block_1_2' title="bbox 273 725 1526 3910">
    <p class='ocr_par' dir='ltr' id='par_1_2' title="bbox 279 725 1509 1168">
     <span class='ocr_line' id='line_1_2' title="bbox 280 725 1509 816; baseline 0 -26"><span class='ocrx_word' id='word_1_4' title='bbox 280 725 384 792; x_wconf 89' lang='lat' dir='ltr'>Meier</span> <span class='ocrx_word' id='word_1_5' title='bbox 407 727 450 814; x_wconf 83' lang='lat' dir='ltr'>(p,</span> <span class='ocrx_word' id='word_1_6' title='bbox 479 727 529 815; x_wconf 87' lang='lat' dir='ltr'>ll)</span> <span class='ocrx_word' id='word_1_7' title='bbox 552 738 586 794; x_wconf 91' lang='lat' dir='ltr'>et</span> <span class='ocrx_word' id='word_1_8' title='bbox 608 729 737 794; x_wconf 84' lang='lat' dir='ltr'><strong>Hubert</strong></span> <span class='ocrx_word' id='word_1_9' title='bbox 761 732 805 812; x_wconf 89' lang='lat' dir='ltr'>(p.</span> <span class='ocrx_word' id='word_1_10' title='bbox 820 729 873 816; x_wconf 75' lang='lat'>31)</span> <span class='ocrx_word' id='word_1_11' title='bbox 897 732 930 794; x_wconf 92' lang='lat' dir='ltr'>id</span> <span class='ocrx_word' id='word_1_12' title='bbox 962 733 1145 810; x_wconf 84' lang='lat' dir='ltr'>attulerant,</span> <span class='ocrx_word' id='word_1_13' title='bbox 1178 731 1266 812; x_wconf 93' lang='lat' dir='ltr'>quod</span> <span class='ocrx_word' id='word_1_14' title='bbox 1297 731 1509 812; x_wconf 85' lang='lat' dir='ltr'>sexagesimo</span> 
     </span>
     <span class='ocr_line' id='line_1_3' title="bbox 280 817 1504 888; baseline 0.002 -9"><span class='ocrx_word' id='word_1_15' title='bbox 280 819 395 881; x_wconf 90' lang='lat' dir='ltr'>aetatis</span> <span class='ocrx_word' id='word_1_16' title='bbox 418 839 503 880; x_wconf 91' lang='lat' dir='ltr'>anno</span> <span class='ocrx_word' id='word_1_17' title='bbox 527 817 676 882; x_wconf 88' lang='lat' dir='ltr'>confecto</span> <span class='ocrx_word' id='word_1_18' title='bbox 700 819 920 888; x_wconf 82' lang='lat' dir='ltr'>Athenienses</span> <span class='ocrx_word' id='word_1_19' title='bbox 953 821 1109 883; x_wconf 88' lang='lat' dir='ltr'>militandi</span> <span class='ocrx_word' id='word_1_20' title='bbox 1141 817 1249 882; x_wconf 88' lang='lat' dir='ltr'>osficio</span> <span class='ocrx_word' id='word_1_21' title='bbox 1281 820 1372 882; x_wconf 93' lang='lat' dir='ltr'>liberi</span> <span class='ocrx_word' id='word_1_22' title='bbox 1404 827 1504 882; x_wconf 90' lang='lat' dir='ltr'>erant.</span> 
     </span>
     <span class='ocr_line' id='line_1_4' title="bbox 281 905 1508 994; baseline -0.002 -24"><span class='ocrx_word' id='word_1_23' title='bbox 281 905 350 970; x_wconf 89' lang='lat' dir='ltr'>Sed</span> <span class='ocrx_word' id='word_1_24' title='bbox 373 909 461 989; x_wconf 92' lang='lat' dir='ltr'>quod</span> <span class='ocrx_word' id='word_1_25' title='bbox 485 905 628 993; x_wconf 80' lang='lat' dir='ltr'>dicunt1)</span> <span class='ocrx_word' id='word_1_26' title='bbox 653 909 913 974; x_wconf 85' lang='lat' dir='ltr'>Demosthenem</span> <span class='ocrx_word' id='word_1_27' title='bbox 936 911 967 971; x_wconf 94' lang='lat' dir='ltr'>in</span> <span class='ocrx_word' id='word_1_28' title='bbox 991 910 1069 973; x_wconf 92' lang='lat' dir='ltr'>Mid.</span> <span class='ocrx_word' id='word_1_29' title='bbox 1091 908 1110 994; x_wconf 62' lang='grc' dir='ltr'>ξ</span> <span class='ocrx_word' id='word_1_30' title='bbox 1133 909 1176 973; x_wconf 76' lang='grc'>95</span> <span class='ocrx_word' id='word_1_31' title='bbox 1201 907 1388 972; x_wconf 89' lang='lat' dir='ltr'>Stratonem</span> <span class='ocrx_word' id='word_1_32' title='bbox 1422 907 1508 969; x_wconf 92' lang='lat' dir='ltr'>arbi-</span> 
     </span>
     <span class='ocr_line' id='line_1_5' title="bbox 279 995 1505 1079; baseline 0 -22"><span class='ocrx_word' id='word_1_33' title='bbox 279 1004 362 1058; x_wconf 87' lang='lat' dir='ltr'>trum</span> <span class='ocrx_word' id='word_1_34' title='bbox 379 997 492 1059; x_wconf 87' lang='lat' dir='ltr'>officiis</span> <span class='ocrx_word' id='word_1_35' title='bbox 509 997 697 1060; x_wconf 91' lang='lat' dir='ltr'>militaribus</span> <span class='ocrx_word' id='word_1_36' title='bbox 714 995 918 1078; x_wconf 89' lang='lat' dir='ltr'>perfunctum</span> <span class='ocrx_word' id='word_1_37' title='bbox 935 1017 1008 1062; x_wconf 88' lang='lat' dir='ltr'>esse</span> <span class='ocrx_word' id='word_1_38' title='bbox 1026 998 1144 1078; x_wconf 89' lang='lat' dir='ltr'>dicere,</span> <span class='ocrx_word' id='word_1_39' title='bbox 1161 998 1234 1079; x_wconf 89' lang='lat' dir='ltr'>plus</span> <span class='ocrx_word' id='word_1_40' title='bbox 1250 1005 1390 1071; x_wconf 89' lang='lat' dir='ltr'>sumunt,</span> <span class='ocrx_word' id='word_1_41' title='bbox 1408 1016 1505 1077; x_wconf 89' lang='lat' dir='ltr'>quam</span> 
     </span>
     <span class='ocr_line' id='line_1_6' title="bbox 280 1085 596 1168; baseline 0.009 -22"><span class='ocrx_word' id='word_1_42' title='bbox 280 1086 417 1147; x_wconf 91' lang='lat' dir='ltr'>concedi</span> <span class='ocrx_word' id='word_1_43' title='bbox 441 1094 551 1166; x_wconf 93' lang='lat' dir='ltr'>potest</span> <span class='ocrx_word' id='word_1_44' title='bbox 561 1085 596 1168; x_wconf 75' lang='grc'>2).</span> 
     </span>
    </p>

    <p class='ocr_par' dir='ltr' id='par_1_3' title="bbox 275 1173 1508 2592">
     <span class='ocr_line' id='line_1_7' title="bbox 325 1173 1508 1251; baseline 0 -16"><span class='ocrx_word' id='word_1_45' title='bbox 325 1175 410 1236; x_wconf 92' lang='lat' dir='ltr'>Nam</span> <span class='ocrx_word' id='word_1_46' title='bbox 444 1175 689 1238; x_wconf 85' lang='lat' dir='ltr'>Demosthenes</span> <span class='ocrx_word' id='word_1_47' title='bbox 724 1175 802 1237; x_wconf 83' lang='lat' dir='ltr'>nihil</span> <span class='ocrx_word' id='word_1_48' title='bbox 832 1175 920 1238; x_wconf 90' lang='lat' dir='ltr'>aliud</span> <span class='ocrx_word' id='word_1_49' title='bbox 953 1176 1041 1251; x_wconf 89' lang='lat' dir='ltr'>dicit,</span> <span class='ocrx_word' id='word_1_50' title='bbox 1079 1177 1138 1237; x_wconf 91' lang='lat' dir='ltr'>nisi</span> <span class='ocrx_word' id='word_1_51' title='bbox 1174 1173 1361 1238; x_wconf 86' lang='lat' dir='ltr'>Stratonem</span> <span class='ocrx_word' id='word_1_52' title='bbox 1396 1173 1508 1236; x_wconf 87' lang='lat' dir='ltr'>omnia</span> 
     </span>
     <span class='ocr_line' id='line_1_8' title="bbox 278 1262 1506 1348; baseline 0.001 -24"><span class='ocrx_word' id='word_1_53' title='bbox 278 1263 440 1344; x_wconf 90' lang='lat' dir='ltr'>stipendia</span> <span class='ocrx_word' id='word_1_54' title='bbox 463 1265 630 1342; x_wconf 89' lang='lat' dir='ltr'>meruisse,</span> <span class='ocrx_word' id='word_1_55' title='bbox 663 1285 747 1346; x_wconf 89' lang='lat' dir='ltr'>quae</span> <span class='ocrx_word' id='word_1_56' title='bbox 771 1285 814 1334; x_wconf 80' lang='lat' dir='ltr'>ex</span> <span class='ocrx_word' id='word_1_57' title='bbox 837 1273 946 1327; x_wconf 89' lang='lat' dir='ltr'>aetate</span> <span class='ocrx_word' id='word_1_58' title='bbox 970 1284 1094 1327; x_wconf 90' lang='lat' dir='ltr'>merere</span> <span class='ocrx_word' id='word_1_59' title='bbox 1117 1265 1229 1327; x_wconf 92' lang='lat' dir='ltr'>debuit</span> <span class='ocrx_word' id='word_1_60' title='bbox 1239 1262 1282 1348; x_wconf 72' lang='grc'>8);</span> <span class='ocrx_word' id='word_1_61' title='bbox 1308 1284 1372 1346; x_wconf 91' lang='lat' dir='ltr'>qua</span> <span class='ocrx_word' id='word_1_62' title='bbox 1396 1271 1506 1325; x_wconf 85' lang='lat' dir='ltr'>autem</span> 
     </span>
     <span class='ocr_line' id='line_1_9' title="bbox 278 1351 1505 1434; baseline -0.001 -20"><span class='ocrx_word' id='word_1_63' title='bbox 278 1360 386 1414; x_wconf 90' lang='lat' dir='ltr'>aetate</span> <span class='ocrx_word' id='word_1_64' title='bbox 410 1351 514 1427; x_wconf 87' lang='lat' dir='ltr'>suerit,</span> <span class='ocrx_word' id='word_1_65' title='bbox 538 1373 604 1415; x_wconf 90' lang='lat' dir='ltr'>non</span> <span class='ocrx_word' id='word_1_66' title='bbox 627 1362 872 1418; x_wconf 85' lang='lat' dir='ltr'>commemorat.</span> <span class='ocrx_word' id='word_1_67' title='bbox 908 1354 1012 1415; x_wconf 93' lang='lat' dir='ltr'>Immo</span> <span class='ocrx_word' id='word_1_68' title='bbox 1037 1373 1112 1416; x_wconf 93' lang='lat' dir='ltr'>cum</span> <span class='ocrx_word' id='word_1_69' title='bbox 1135 1354 1260 1434; x_wconf 89' lang='lat' dir='ltr'>priores</span> <span class='ocrx_word' id='word_1_70' title='bbox 1276 1351 1505 1414; x_wconf 89' lang='lat' dir='ltr'>contenderint</span> 
     </span>
     <span class='ocr_line' id='line_1_10' title="bbox 278 1441 1501 1526; baseline -0.002 -23"><span class='ocrx_word' id='word_1_71' title='bbox 278 1449 310 1503; x_wconf 87' lang='lat' dir='ltr'>et</span> <span class='ocrx_word' id='word_1_72' title='bbox 334 1441 567 1522; x_wconf 83' lang='lat' dir='ltr'>sexagenarios</span> <span class='ocrx_word' id='word_1_73' title='bbox 592 1450 625 1504; x_wconf 91' lang='lat' dir='ltr'>et</span> <span class='ocrx_word' id='word_1_74' title='bbox 648 1443 787 1504; x_wconf 91' lang='lat' dir='ltr'>maiores</span> <span class='ocrx_word' id='word_1_75' title='bbox 810 1452 887 1505; x_wconf 90' lang='lat' dir='ltr'>natu</span> <span class='ocrx_word' id='word_1_76' title='bbox 910 1453 1085 1526; x_wconf 90' lang='lat' dir='ltr'>propterea</span> <span class='ocrx_word' id='word_1_77' title='bbox 1101 1442 1237 1504; x_wconf 91' lang='lat' dir='ltr'>arbitros</span> <span class='ocrx_word' id='word_1_78' title='bbox 1253 1441 1322 1505; x_wconf 90' lang='lat' dir='ltr'>fieri</span> <span class='ocrx_word' id='word_1_79' title='bbox 1345 1441 1501 1521; x_wconf 89' lang='lat' dir='ltr'>potuisse,</span> 
     </span>
     <span class='ocr_line' id='line_1_11' title="bbox 278 1529 1503 1611; baseline -0.002 -19"><span class='ocrx_word' id='word_1_80' title='bbox 278 1529 367 1611; x_wconf 93' lang='lat' dir='ltr'>quod</span> <span class='ocrx_word' id='word_1_81' title='bbox 391 1530 500 1591; x_wconf 85' lang='lat' dir='ltr'>officio</span> <span class='ocrx_word' id='word_1_82' title='bbox 524 1530 680 1594; x_wconf 89' lang='lat' dir='ltr'>militandi</span> <span class='ocrx_word' id='word_1_83' title='bbox 696 1531 793 1594; x_wconf 86' lang='lat' dir='ltr'>soluti</span> <span class='ocrx_word' id='word_1_84' title='bbox 809 1541 911 1609; x_wconf 89' lang='lat' dir='ltr'>erant,</span> <span class='ocrx_word' id='word_1_85' title='bbox 936 1552 1021 1594; x_wconf 92' lang='lat' dir='ltr'>nunc</span> <span class='ocrx_word' id='word_1_86' title='bbox 1038 1532 1212 1594; x_wconf 90' lang='lat' dir='ltr'>dicendum</span> <span class='ocrx_word' id='word_1_87' title='bbox 1229 1539 1287 1605; x_wconf 88' lang='lat' dir='ltr'>est,</span> <span class='ocrx_word' id='word_1_88' title='bbox 1310 1529 1503 1592; x_wconf 90' lang='lat' dir='ltr'>arbitrorum</span> 
     </span>
     <span class='ocr_line' id='line_1_12' title="bbox 277 1617 1504 1704; baseline -0.002 -24"><span class='ocrx_word' id='word_1_89' title='bbox 277 1639 394 1680; x_wconf 94' lang='lat' dir='ltr'>munus</span> <span class='ocrx_word' id='word_1_90' title='bbox 410 1619 508 1681; x_wconf 90' lang='lat' dir='ltr'>finem</span> <span class='ocrx_word' id='word_1_91' title='bbox 526 1621 688 1702; x_wconf 89' lang='lat' dir='ltr'>quendam</span> <span class='ocrx_word' id='word_1_92' title='bbox 705 1618 802 1682; x_wconf 83' lang='lat' dir='ltr'>officii</span> <span class='ocrx_word' id='word_1_93' title='bbox 819 1621 963 1683; x_wconf 90' lang='lat' dir='ltr'>militaris</span> <span class='ocrx_word' id='word_1_94' title='bbox 979 1620 1077 1684; x_wconf 82' lang='lat' dir='ltr'>luisse</span> <span class='ocrx_word' id='word_1_95' title='bbox 1094 1617 1504 1704; x_wconf 86' lang='lat' dir='ltr'>quadragesimosecundo</span> 
     </span>
     <span class='ocr_line' id='line_1_13' title="bbox 278 1707 1503 1792; baseline -0.001 -23"><span class='ocrx_word' id='word_1_96' title='bbox 278 1709 464 1789; x_wconf 91' lang='lat' dir='ltr'>eodemque</span> <span class='ocrx_word' id='word_1_97' title='bbox 487 1707 601 1772; x_wconf 92' lang='lat' dir='ltr'>ultimo</span> <span class='ocrx_word' id='word_1_98' title='bbox 626 1709 830 1789; x_wconf 91' lang='lat' dir='ltr'>publicorum</span> <span class='ocrx_word' id='word_1_99' title='bbox 853 1709 1032 1773; x_wconf 85' lang='lat' dir='ltr'>officiorum</span> <span class='ocrx_word' id='word_1_100' title='bbox 1048 1730 1133 1771; x_wconf 90' lang='lat' dir='ltr'>anno</span> <span class='ocrx_word' id='word_1_101' title='bbox 1142 1708 1180 1792; x_wconf 71' lang='lat'>4).</span> <span class='ocrx_word' id='word_1_102' title='bbox 1203 1708 1402 1771; x_wconf 90' lang='lat' dir='ltr'>Aristoteles</span> <span class='ocrx_word' id='word_1_103' title='bbox 1418 1709 1503 1769; x_wconf 90' lang='lat' dir='ltr'>enirn</span> 
     </span>
     <span class='ocr_line' id='line_1_14' title="bbox 277 1797 1505 1881; baseline 0 -23"><span class='ocrx_word' id='word_1_104' title='bbox 277 1799 460 1859; x_wconf 90' lang='lat' dir='ltr'>accuratius</span> <span class='ocrx_word' id='word_1_105' title='bbox 484 1797 526 1859; x_wconf 94' lang='lat' dir='ltr'>de</span> <span class='ocrx_word' id='word_1_106' title='bbox 550 1818 589 1862; x_wconf 89' lang='lat' dir='ltr'>ea</span> <span class='ocrx_word' id='word_1_107' title='bbox 612 1817 646 1861; x_wconf 90' lang='lat' dir='ltr'>re</span> <span class='ocrx_word' id='word_1_108' title='bbox 678 1799 823 1878; x_wconf 89' lang='lat' dir='ltr'>disputat</span> <span class='ocrx_word' id='word_1_109' title='bbox 858 1819 931 1880; x_wconf 90' lang='lat' dir='ltr'>cap.</span> <span class='ocrx_word' id='word_1_110' title='bbox 957 1799 1009 1862; x_wconf 78' lang='lat'>53.</span> <span class='ocrx_word' id='word_1_111' title='bbox 1034 1799 1052 1881; x_wconf 59' lang='grc' dir='ltr'><strong><em>ᾖ</em></strong></span> <span class='ocrx_word' id='word_1_112' title='bbox 1077 1799 1098 1860; x_wconf 83' lang='grc'>4</span> <span class='ocrx_word' id='word_1_113' title='bbox 1121 1819 1186 1879; x_wconf 91' lang='lat' dir='ltr'>sq.:</span> <span class='ocrx_word' id='word_1_114' title='bbox 1222 1805 1316 1862; x_wconf 87' lang='grc' dir='ltr'><em>τοῦτο</em></span> <span class='ocrx_word' id='word_1_115' title='bbox 1347 1797 1383 1860; x_wconf 79' lang='grc' dir='ltr'>δὲ</span> <span class='ocrx_word' id='word_1_116' title='bbox 1407 1797 1505 1879; x_wconf 80' lang='grc' dir='ltr'><em>δῆλον</em></span> 
     </span>
     <span class='ocr_line' id='line_1_15' title="bbox 277 1886 1507 1971; baseline -0.002 -23"><span class='ocrx_word' id='word_1_117' title='bbox 277 1886 314 1948; x_wconf 82' lang='grc' dir='ltr'>ἐκ</span> <span class='ocrx_word' id='word_1_118' title='bbox 330 1892 396 1948; x_wconf 83' lang='grc' dir='ltr'><em>τοῖιν</em></span> <span class='ocrx_word' id='word_1_119' title='bbox 412 1887 578 1968; x_wconf 80' lang='grc' dir='ltr'><em>ἀρχόντων</em></span> <span class='ocrx_word' id='word_1_120' title='bbox 595 1888 730 1950; x_wconf 81' lang='grc' dir='ltr'><em>καὶτῶν</em></span> <span class='ocrx_word' id='word_1_121' title='bbox 746 1889 1016 1971; x_wconf 82' lang='grc' dir='ltr'><em>ἐπωνύμωνεῖσλ</em></span> <span class='ocrx_word' id='word_1_122' title='bbox 1036 1889 1095 1970; x_wconf 85' lang='grc' dir='ltr'>γὰρ</span> <span class='ocrx_word' id='word_1_123' title='bbox 1117 1889 1282 1970; x_wconf 87' lang='grc' dir='ltr'><em>ἐπώνυμοι</em></span> <span class='ocrx_word' id='word_1_124' title='bbox 1299 1887 1377 1949; x_wconf 82' lang='grc' dir='ltr'><em>δέκα</em></span> <span class='ocrx_word' id='word_1_125' title='bbox 1392 1886 1451 1968; x_wconf 82' lang='grc' dir='ltr'>μὲν</span> <span class='ocrx_word' id='word_1_126' title='bbox 1475 1887 1507 1946; x_wconf 79' lang='grc' dir='ltr'>οἵ</span> 
     </span>
     <span class='ocr_line' id='line_1_16' title="bbox 280 1975 1504 2060; baseline -0.001 -24"><span class='ocrx_word' id='word_1_127' title='bbox 280 1981 342 2037; x_wconf 80' lang='grc' dir='ltr'><em>τῶν</em></span> <span class='ocrx_word' id='word_1_128' title='bbox 365 1977 489 2057; x_wconf 84' lang='grc' dir='ltr'><em>φυλῶν,</em></span> <span class='ocrx_word' id='word_1_129' title='bbox 515 1977 574 2040; x_wconf 80' lang='grc' dir='ltr'>δύο</span> <span class='ocrx_word' id='word_1_130' title='bbox 598 1977 633 2039; x_wconf 81' lang='grc' dir='ltr'>δὲ</span> <span class='ocrx_word' id='word_1_131' title='bbox 656 1977 710 2040; x_wconf 84' lang='grc' dir='ltr'>καλ</span> <span class='ocrx_word' id='word_1_132' title='bbox 731 1980 957 2059; x_wconf 82' lang='grc' dir='ltr'><em>τετταράκοντα</em></span> <span class='ocrx_word' id='word_1_133' title='bbox 982 1980 1100 2041; x_wconf 76' lang='grc' dir='ltr'><em>αἰτῶν</em></span> <span class='ocrx_word' id='word_1_134' title='bbox 1123 1979 1259 2060; x_wconf 81' lang='grc' dir='ltr'><em>ἡλικιῶν</em></span> <span class='ocrx_word' id='word_1_135' title='bbox 1276 2009 1282 2020; x_wconf 92' lang='grc'><strong><em>·</em></strong></span> <span class='ocrx_word' id='word_1_136' title='bbox 1302 1977 1333 2038; x_wconf 81' lang='grc' dir='ltr'>οἱ</span> <span class='ocrx_word' id='word_1_137' title='bbox 1356 1975 1504 2058; x_wconf 79' lang='grc' dir='ltr'><em>δ’ἐφηβοι</em></span> 
     </span>
     <span class='ocr_line' id='line_1_17' title="bbox 277 2065 1502 2149; baseline -0.001 -23"><span class='ocrx_word' id='word_1_138' title='bbox 277 2065 513 2146; x_wconf 87' lang='grc' dir='ltr'><em>ἐγγραφάμενοι</em></span> <span class='ocrx_word' id='word_1_139' title='bbox 547 2067 703 2146; x_wconf 89' lang='grc' dir='ltr'><em>πρότερον</em></span> <span class='ocrx_word' id='word_1_140' title='bbox 725 2066 787 2149; x_wconf 85' lang='grc' dir='ltr'>μὲν</span> <span class='ocrx_word' id='word_1_141' title='bbox 817 2069 860 2136; x_wconf 83' lang='grc' dir='ltr'>εἰς</span> <span class='ocrx_word' id='word_1_142' title='bbox 890 2067 1112 2148; x_wconf 84' lang='grc' dir='ltr'><em>λελευκωμένα</em></span> <span class='ocrx_word' id='word_1_143' title='bbox 1144 2071 1342 2148; x_wconf 84' lang='grc' dir='ltr'><em>γραμματεῖα</em></span> <span class='ocrx_word' id='word_1_144' title='bbox 1374 2065 1502 2144; x_wconf 83' lang='grc' dir='ltr'><em>ἐνεγρά-</em></span> 
     </span>
     <span class='ocr_line' id='line_1_18' title="bbox 276 2153 1504 2238; baseline -0.001 -23"><span class='ocrx_word' id='word_1_145' title='bbox 276 2177 387 2234; x_wconf 84' lang='grc' dir='ltr'><em>φοντο,</em></span> <span class='ocrx_word' id='word_1_146' title='bbox 412 2155 466 2217; x_wconf 84' lang='grc' dir='ltr'>καὶ</span> <span class='ocrx_word' id='word_1_147' title='bbox 490 2155 709 2237; x_wconf 79' lang='grc' dir='ltr'><em>ἐπεγράφοντο</em></span> <span class='ocrx_word' id='word_1_148' title='bbox 733 2156 840 2225; x_wconf 77' lang='grc' dir='ltr'><em>αὐτοῖς</em></span> <span class='ocrx_word' id='word_1_149' title='bbox 863 2157 1049 2238; x_wconf 81' lang='grc' dir='ltr'><em>ὅτ’άρχων,</em></span> <span class='ocrx_word' id='word_1_150' title='bbox 1074 2153 1166 2237; x_wconf 85' lang='grc' dir='ltr'>ἐφόὗ</span> <span class='ocrx_word' id='word_1_151' title='bbox 1191 2155 1421 2237; x_wconf 80' lang='grc' dir='ltr'><em>ἐνεγράφησαν,</em></span> <span class='ocrx_word' id='word_1_152' title='bbox 1449 2153 1504 2214; x_wconf 82' lang='grc' dir='ltr'>καὶ</span> 
     </span>
     <span class='ocr_line' id='line_1_19' title="bbox 277 2242 1502 2328; baseline 0 -25"><span class='ocrx_word' id='word_1_153' title='bbox 277 2243 295 2302; x_wconf 87' lang='grc' dir='ltr'><em>ά</em></span> <span class='ocrx_word' id='word_1_154' title='bbox 331 2243 505 2324; x_wconf 85' lang='grc' dir='ltr'><em>ἐπώνυμος</em></span> <span class='ocrx_word' id='word_1_155' title='bbox 538 2245 557 2306; x_wconf 88' lang='grc' dir='ltr'><em>ά</em></span> <span class='ocrx_word' id='word_1_156' title='bbox 590 2248 637 2325; x_wconf 78' lang='grc' dir='ltr'><em>τῴ</em></span> <span class='ocrx_word' id='word_1_157' title='bbox 660 2245 817 2327; x_wconf 90' lang='grc' dir='ltr'><em>πρότερον</em></span> <span class='ocrx_word' id='word_1_158' title='bbox 848 2247 906 2308; x_wconf 83' lang='grc' dir='ltr'><em>ἔτει</em></span> <span class='ocrx_word' id='word_1_159' title='bbox 941 2246 1156 2328; x_wconf 82' lang='grc' dir='ltr'><em>άεάιαιτηκώς,</em></span> <span class='ocrx_word' id='word_1_160' title='bbox 1191 2251 1249 2306; x_wconf 85' lang='grc' dir='ltr'>νῦν</span> <span class='ocrx_word' id='word_1_161' title='bbox 1280 2242 1354 2312; x_wconf 80' lang='grc' dir='ltr'><em>δἐῑς</em></span> <span class='ocrx_word' id='word_1_162' title='bbox 1387 2242 1502 2325; x_wconf 79' lang='grc' dir='ltr'><em>στήλην</em></span> 
     </span>
     <span class='ocr_line' id='line_1_20' title="bbox 275 2332 1502 2418; baseline 0 -26"><span class='ocrx_word' id='word_1_163' title='bbox 275 2332 399 2413; x_wconf 80' lang='grc' dir='ltr'><em>χαλκῆν</em></span> <span class='ocrx_word' id='word_1_164' title='bbox 423 2333 659 2414; x_wconf 85' lang='grc' dir='ltr'><em>ἀναγράφονται</em></span> <span class='ocrx_word' id='word_1_165' title='bbox 693 2335 747 2397; x_wconf 81' lang='grc' dir='ltr'>καὶ</span> <span class='ocrx_word' id='word_1_166' title='bbox 779 2336 897 2397; x_wconf 83' lang='grc' dir='ltr'><em>ἵσταται</em></span> <span class='ocrx_word' id='word_1_167' title='bbox 928 2338 947 2418; x_wconf 87' lang='grc' dir='ltr'><em>ή</em></span> <span class='ocrx_word' id='word_1_168' title='bbox 978 2335 1074 2418; x_wconf 83' lang='grc' dir='ltr'><em>στήλη</em></span> <span class='ocrx_word' id='word_1_169' title='bbox 1106 2332 1172 2414; x_wconf 86' lang='grc' dir='ltr'>πρὸ</span> <span class='ocrx_word' id='word_1_170' title='bbox 1194 2339 1251 2396; x_wconf 85' lang='grc' dir='ltr'><em>τοῦ</em></span> <span class='ocrx_word' id='word_1_171' title='bbox 1274 2332 1502 2414; x_wconf 80' lang='grc' dir='ltr'><em>βουλευτηρίου</em></span> 
     </span>
     <span class='ocr_line' id='line_1_21' title="bbox 275 2419 1499 2504; baseline -0.001 -22"><span class='ocrx_word' id='word_1_172' title='bbox 275 2419 365 2500; x_wconf 88' lang='grc' dir='ltr'><em>παρὰ</em></span> <span class='ocrx_word' id='word_1_173' title='bbox 388 2419 462 2489; x_wconf 81' lang='grc' dir='ltr'><em>τοὺς</em></span> <span class='ocrx_word' id='word_1_174' title='bbox 486 2423 689 2503; x_wconf 88' lang='grc' dir='ltr'><em>ἐπωνύμους.</em></span> <span class='ocrx_word' id='word_1_175' title='bbox 723 2423 778 2486; x_wconf 89' lang='grc' dir='ltr'><em>τάν</em></span> <span class='ocrx_word' id='word_1_176' title='bbox 801 2423 837 2486; x_wconf 81' lang='grc' dir='ltr'>δὲ</span> <span class='ocrx_word' id='word_1_177' title='bbox 859 2425 1033 2487; x_wconf 84' lang='grc' dir='ltr'><em>τελευταῖον</em></span> <span class='ocrx_word' id='word_1_178' title='bbox 1055 2429 1121 2486; x_wconf 82' lang='grc' dir='ltr'><em>τῶν</em></span> <span class='ocrx_word' id='word_1_179' title='bbox 1145 2423 1328 2504; x_wconf 81' lang='grc' dir='ltr'><em>ἐπωνύμων</em></span> <span class='ocrx_word' id='word_1_180' title='bbox 1351 2421 1499 2502; x_wconf 81' lang='grc' dir='ltr'><em>λαβόντες</em></span> 
     </span>
     <span class='ocr_line' id='line_1_22' title="bbox 276 2510 1214 2592; baseline 0.002 -22"><span class='ocrx_word' id='word_1_181' title='bbox 276 2511 307 2570; x_wconf 81' lang='lat' dir='ltr'>ol</span> <span class='ocrx_word' id='word_1_182' title='bbox 328 2510 554 2590; x_wconf 86' lang='grc' dir='ltr'><em>τετταράκοντα</em></span> <span class='ocrx_word' id='word_1_183' title='bbox 578 2511 781 2592; x_wconf 81' lang='grc' dir='ltr'><em>διανέμουσιν</em></span> <span class='ocrx_word' id='word_1_184' title='bbox 804 2513 911 2582; x_wconf 80' lang='grc' dir='ltr'><em>αὐτοῖς</em></span> <span class='ocrx_word' id='word_1_185' title='bbox 932 2512 987 2582; x_wconf 90' lang='grc' dir='ltr'><em>τὰς</em></span> <span class='ocrx_word' id='word_1_186' title='bbox 1010 2513 1129 2580; x_wconf 78' lang='grc' dir='ltr'><em>διαίτας</em></span> <span class='ocrx_word' id='word_1_187' title='bbox 1152 2519 1214 2579; x_wconf 79' lang='lat' dir='ltr'>etc,</span> 
     </span>
    </p>

    <p class='ocr_par' dir='ltr' id='par_1_4' title="bbox 273 2597 1526 3214">
     <span class='ocr_line' id='line_1_23' title="bbox 318 2597 1499 2685; baseline -0.002 -26"><span class='ocrx_word' id='word_1_188' title='bbox 318 2598 406 2677; x_wconf 84' lang='lat' dir='ltr'>Ergo</span> <span class='ocrx_word' id='word_1_189' title='bbox 436 2597 588 2682; x_wconf 80' lang='lat' dir='ltr'>Suidas⁵)</span> <span class='ocrx_word' id='word_1_190' title='bbox 616 2619 692 2678; x_wconf 92' lang='lat' dir='ltr'>pro:</span> <span class='ocrx_word' id='word_1_191' title='bbox 730 2600 795 2664; x_wconf 86' lang='grc' dir='ltr'>ἀπὸ</span> <span class='ocrx_word' id='word_1_192' title='bbox 825 2609 882 2665; x_wconf 84' lang='grc' dir='ltr'><em>τοῦ</em></span> <span class='ocrx_word' id='word_1_193' title='bbox 905 2603 1110 2685; x_wconf 84' lang='grc' dir='ltr'><em>ληξιαρχικοῦ</em></span> <span class='ocrx_word' id='word_1_194' title='bbox 1134 2601 1354 2682; x_wconf 86' lang='grc' dir='ltr'><em>γραμματείου</em></span> <span class='ocrx_word' id='word_1_195' title='bbox 1382 2598 1499 2660; x_wconf 91' lang='lat' dir='ltr'>rectius</span> 
     </span>
     <span class='ocr_line' id='line_1_24' title="bbox 275 2686 1501 2773; baseline -0.002 -25"><span class='ocrx_word' id='word_1_196' title='bbox 275 2686 383 2749; x_wconf 88' lang='lat' dir='ltr'>dicere</span> <span class='ocrx_word' id='word_1_197' title='bbox 401 2686 530 2750; x_wconf 88' lang='lat' dir='ltr'>debuit:</span> <span class='ocrx_word' id='word_1_198' title='bbox 556 2687 620 2750; x_wconf 85' lang='grc' dir='ltr'>ἀπὸ</span> <span class='ocrx_word' id='word_1_199' title='bbox 642 2695 699 2751; x_wconf 85' lang='grc' dir='ltr'><em>τού</em></span> <span class='ocrx_word' id='word_1_200' title='bbox 723 2695 788 2752; x_wconf 85' lang='grc' dir='ltr'><em>τῶν</em></span> <span class='ocrx_word' id='word_1_201' title='bbox 811 2691 946 2773; x_wconf 82' lang='grc' dir='ltr'><em>ἐφήβων</em></span> <span class='ocrx_word' id='word_1_202' title='bbox 966 2690 1191 2772; x_wconf 83' lang='grc' dir='ltr'><em>γραμματείου.</em></span> <span class='ocrx_word' id='word_1_203' title='bbox 1217 2689 1269 2750; x_wconf 92' lang='lat' dir='ltr'>De</span> <span class='ocrx_word' id='word_1_204' title='bbox 1285 2687 1501 2770; x_wconf 84' lang='lat' dir='ltr'>quadraginta</span> 
     </span>
     <span class='ocr_line' id='line_1_25' title="bbox 275 2774 1498 2860; baseline -0.002 -23"><span class='ocrx_word' id='word_1_205' title='bbox 275 2774 403 2837; x_wconf 89' lang='lat' dir='ltr'>duobus</span> <span class='ocrx_word' id='word_1_206' title='bbox 428 2777 609 2856; x_wconf 91' lang='lat' dir='ltr'>eponymis,</span> <span class='ocrx_word' id='word_1_207' title='bbox 635 2797 699 2839; x_wconf 91' lang='lat' dir='ltr'>non</span> <span class='ocrx_word' id='word_1_208' title='bbox 723 2779 859 2860; x_wconf 86' lang='lat' dir='ltr'>singulis</span> <span class='ocrx_word' id='word_1_209' title='bbox 882 2780 1030 2840; x_wconf 91' lang='lat' dir='ltr'>tribubus</span> <span class='ocrx_word' id='word_1_210' title='bbox 1053 2778 1114 2840; x_wconf 91' lang='lat' dir='ltr'>sed</span> <span class='ocrx_word' id='word_1_211' title='bbox 1139 2777 1272 2858; x_wconf 83' lang='lat' dir='ltr'>singulis</span> <span class='ocrx_word' id='word_1_212' title='bbox 1296 2777 1498 2838; x_wconf 89' lang='lat' dir='ltr'>militantium</span> 
     </span>
     <span class='ocr_line' id='line_1_26' title="bbox 274 2860 1526 2951; baseline -0.001 -26"><span class='ocrx_word' id='word_1_213' title='bbox 274 2867 366 2926; x_wconf 89' lang='lat' dir='ltr'>annis</span> <span class='ocrx_word' id='word_1_214' title='bbox 399 2860 452 2949; x_wconf 91' lang='lat' dir='ltr'>(ab</span> <span class='ocrx_word' id='word_1_215' title='bbox 477 2865 619 2944; x_wconf 89' lang='lat' dir='ltr'>ephebia</span> <span class='ocrx_word' id='word_1_216' title='bbox 641 2887 744 2947; x_wconf 94' lang='lat' dir='ltr'>usque</span> <span class='ocrx_word' id='word_1_217' title='bbox 767 2868 809 2929; x_wconf 91' lang='lat' dir='ltr'>ad</span> <span class='ocrx_word' id='word_1_218' title='bbox 833 2865 1046 2951; x_wconf 77' lang='lat' dir='ltr'>senectutem)</span> <span class='ocrx_word' id='word_1_219' title='bbox 1077 2867 1262 2929; x_wconf 92' lang='lat' dir='ltr'>constitutis</span> <span class='ocrx_word' id='word_1_220' title='bbox 1285 2867 1348 2928; x_wconf 86' lang='lat' dir='ltr'>iarn</span> <span class='ocrx_word' id='word_1_221' title='bbox 1373 2864 1526 2944; x_wconf 62' lang='lat' dir='ltr'>Harpo*</span> 
     </span>
     <span class='ocr_line' id='line_1_27' title="bbox 275 2955 1500 3037; baseline 0 -23"><span class='ocrx_word' id='word_1_222' title='bbox 275 2955 426 3015; x_wconf 92' lang='lat' dir='ltr'>crationis</span> <span class='ocrx_word' id='word_1_223' title='bbox 449 2963 560 3016; x_wconf 91' lang='lat' dir='ltr'>notam</span> <span class='ocrx_word' id='word_1_224' title='bbox 585 2975 628 3016; x_wconf 84' lang='lat' dir='ltr'>ex</span> <span class='ocrx_word' id='word_1_225' title='bbox 651 2955 831 3019; x_wconf 89' lang='lat' dir='ltr'>Aristotele</span> <span class='ocrx_word' id='word_1_226' title='bbox 854 2965 1043 3037; x_wconf 87' lang='lat' dir='ltr'>excerptam</span> <span class='ocrx_word' id='word_1_227' title='bbox 1075 2955 1278 3019; x_wconf 90' lang='lat' dir='ltr'>habebamus</span> <span class='ocrx_word' id='word_1_228' title='bbox 1302 2975 1328 3020; x_wconf 80' lang='lat' dir='ltr'>s,</span> <span class='ocrx_word' id='word_1_229' title='bbox 1352 2979 1382 3022; x_wconf 90' lang='grc' dir='ltr'>υ.</span> <span class='ocrx_word' id='word_1_230' title='bbox 1407 2976 1500 3034; x_wconf 90' lang='grc' dir='ltr'><em>στρα-</em></span> 
     </span>
     <span class='ocr_line' id='line_1_28' title="bbox 273 3041 1501 3128; baseline -0.001 -24"><span class='ocrx_word' id='word_1_231' title='bbox 273 3043 336 3105; x_wconf 85' lang='grc' dir='ltr'><em>τεία</em></span> <span class='ocrx_word' id='word_1_232' title='bbox 351 3044 384 3106; x_wconf 87' lang='grc' dir='ltr'>ἐν</span> <span class='ocrx_word' id='word_1_233' title='bbox 399 3049 463 3112; x_wconf 87' lang='grc' dir='ltr'><em>τοῖς</em></span> <span class='ocrx_word' id='word_1_234' title='bbox 479 3042 698 3128; x_wconf 67' lang='grc' dir='ltr'><em>ἐπωνύμοιςθ).</em></span> <span class='ocrx_word' id='word_1_235' title='bbox 717 3044 784 3108; x_wconf 87' lang='lat' dir='ltr'>Sed</span> <span class='ocrx_word' id='word_1_236' title='bbox 801 3065 844 3106; x_wconf 87' lang='lat' dir='ltr'>ex</span> <span class='ocrx_word' id='word_1_237' title='bbox 860 3045 924 3106; x_wconf 94' lang='lat' dir='ltr'>hoc</span> <span class='ocrx_word' id='word_1_238' title='bbox 940 3045 1067 3108; x_wconf 88' lang='lat' dir='ltr'>militari</span> <span class='ocrx_word' id='word_1_239' title='bbox 1080 3045 1231 3124; x_wconf 83' lang='lat' dir='ltr'>catalogo</span> <span class='ocrx_word' id='word_1_240' title='bbox 1247 3044 1344 3107; x_wconf 89' lang='lat' dir='ltr'>etiam</span> <span class='ocrx_word' id='word_1_241' title='bbox 1360 3041 1501 3105; x_wconf 91' lang='lat' dir='ltr'>arbitros</span> 
     </span>
     <span class='ocr_line' id='line_1_29' title="bbox 274 3133 983 3214; baseline 0.01 -21"><span class='ocrx_word' id='word_1_242' title='bbox 274 3140 425 3212; x_wconf 92' lang='lat' dir='ltr'>sumptos</span> <span class='ocrx_word' id='word_1_243' title='bbox 450 3147 522 3194; x_wconf 86' lang='lat' dir='ltr'>esse</span> <span class='ocrx_word' id='word_1_244' title='bbox 546 3133 655 3195; x_wconf 91' lang='lat' dir='ltr'>adhuc</span> <span class='ocrx_word' id='word_1_245' title='bbox 679 3134 880 3214; x_wconf 85' lang='lat' dir='ltr'>incognitum</span> <span class='ocrx_word' id='word_1_246' title='bbox 904 3143 983 3202; x_wconf 89' lang='lat' dir='ltr'>erat.</span> 
     </span>
    </p>

    <p class='ocr_par' dir='ltr' id='par_1_5' title="bbox 273 3219 1508 3910">
     <span class='ocr_line' id='line_1_30' title="bbox 318 3219 1502 3302; baseline -0.002 -21"><span class='ocrx_word' id='word_1_247' title='bbox 318 3220 476 3283; x_wconf 91' lang='lat' dir='ltr'>Militandi</span> <span class='ocrx_word' id='word_1_248' title='bbox 499 3222 595 3302; x_wconf 85' lang='lat' dir='ltr'>igitur</span> <span class='ocrx_word' id='word_1_249' title='bbox 618 3219 726 3286; x_wconf 84' lang='lat' dir='ltr'>officio</span> <span class='ocrx_word' id='word_1_250' title='bbox 744 3243 858 3286; x_wconf 90' lang='lat' dir='ltr'>omnes</span> <span class='ocrx_word' id='word_1_251' title='bbox 882 3222 1105 3286; x_wconf 88' lang='lat' dir='ltr'>Athenienses</span> <span class='ocrx_word' id='word_1_252' title='bbox 1128 3219 1314 3284; x_wconf 89' lang='lat' dir='ltr'>aconfecto</span> <span class='ocrx_word' id='word_1_253' title='bbox 1340 3219 1502 3281; x_wconf 91' lang='lat' dir='ltr'>duodevi-</span> 
     </span>
     <span class='ocr_line' id='line_1_31' title="bbox 275 3309 1499 3395; baseline -0.002 -24"><span class='ocrx_word' id='word_1_254' title='bbox 275 3309 397 3371; x_wconf 89' lang='lat' dir='ltr'>cesimo</span> <span class='ocrx_word' id='word_1_255' title='bbox 421 3311 538 3372; x_wconf 91' lang='lat' dir='ltr'>aetatis</span> <span class='ocrx_word' id='word_1_256' title='bbox 562 3310 676 3394; x_wconf 64' lang='lat' dir='ltr'>annol)</span> <span class='ocrx_word' id='word_1_257' title='bbox 710 3332 812 3395; x_wconf 90' lang='lat' dir='ltr'>usque</span> <span class='ocrx_word' id='word_1_258' title='bbox 836 3313 879 3374; x_wconf 90' lang='lat' dir='ltr'>ad</span> <span class='ocrx_word' id='word_1_259' title='bbox 903 3311 1089 3375; x_wconf 87' lang='lat' dir='ltr'>conlectum</span> <span class='ocrx_word' id='word_1_260' title='bbox 1112 3311 1353 3390; x_wconf 87' lang='lat' dir='ltr'>sexagesimum</span> <span class='ocrx_word' id='word_1_261' title='bbox 1377 3328 1499 3370; x_wconf 88' lang='lat' dir='ltr'>annum</span> 
     </span>
     <span class='ocr_line' id='line_1_32' title="bbox 273 3397 1503 3481; baseline -0.001 -23"><span class='ocrx_word' id='word_1_262' title='bbox 273 3397 477 3462; x_wconf 88' lang='lat' dir='ltr'>tenebantur.</span> <span class='ocrx_word' id='word_1_263' title='bbox 517 3397 637 3478; x_wconf 85' lang='lat' dir='ltr'>Singuli</span> <span class='ocrx_word' id='word_1_264' title='bbox 672 3401 872 3463; x_wconf 92' lang='lat' dir='ltr'>militantium</span> <span class='ocrx_word' id='word_1_265' title='bbox 895 3401 1036 3481; x_wconf 87' lang='lat' dir='ltr'>catalogi</span> <span class='ocrx_word' id='word_1_266' title='bbox 1060 3400 1218 3480; x_wconf 91' lang='lat' dir='ltr'>deinceps</span> <span class='ocrx_word' id='word_1_267' title='bbox 1241 3419 1260 3459; x_wconf 91' lang='lat' dir='ltr'>e</span> <span class='ocrx_word' id='word_1_268' title='bbox 1284 3397 1503 3480; x_wconf 84' lang='lat' dir='ltr'>quadraginta</span> 
     </span>
     <span class='ocr_line' id='line_1_33' title="bbox 274 3486 1502 3572; baseline -0.001 -25"><span class='ocrx_word' id='word_1_269' title='bbox 274 3486 402 3548; x_wconf 92' lang='lat' dir='ltr'>duobus</span> <span class='ocrx_word' id='word_1_270' title='bbox 426 3489 597 3568; x_wconf 92' lang='lat' dir='ltr'>eponymis</span> <span class='ocrx_word' id='word_1_271' title='bbox 627 3489 772 3570; x_wconf 86' lang='lat' dir='ltr'>singulos</span> <span class='ocrx_word' id='word_1_272' title='bbox 804 3490 895 3570; x_wconf 91' lang='lat' dir='ltr'>quasi</span> <span class='ocrx_word' id='word_1_273' title='bbox 925 3498 1082 3572; x_wconf 90' lang='lat' dir='ltr'>patronos</span> <span class='ocrx_word' id='word_1_274' title='bbox 1105 3488 1320 3571; x_wconf 85' lang='lat' dir='ltr'>accipiebant,</span> <span class='ocrx_word' id='word_1_275' title='bbox 1344 3487 1502 3567; x_wconf 92' lang='lat' dir='ltr'>idemque</span> 
     </span>
     <span class='ocr_line' id='line_1_34' title="bbox 274 3574 1505 3659; baseline -0.002 -23"><span class='ocrx_word' id='word_1_276' title='bbox 274 3583 432 3656; x_wconf 89' lang='lat' dir='ltr'>patronus</span> <span class='ocrx_word' id='word_1_277' title='bbox 456 3576 494 3637; x_wconf 92' lang='lat' dir='ltr'>iis</span> <span class='ocrx_word' id='word_1_278' title='bbox 518 3578 672 3640; x_wconf 90' lang='lat' dir='ltr'>manebat</span> <span class='ocrx_word' id='word_1_279' title='bbox 695 3598 798 3659; x_wconf 92' lang='lat' dir='ltr'>usque</span> <span class='ocrx_word' id='word_1_280' title='bbox 822 3579 864 3641; x_wconf 90' lang='lat' dir='ltr'>ad</span> <span class='ocrx_word' id='word_1_281' title='bbox 900 3599 974 3641; x_wconf 92' lang='lat' dir='ltr'>eum</span> <span class='ocrx_word' id='word_1_282' title='bbox 1001 3597 1128 3652; x_wconf 91' lang='lat' dir='ltr'>annum,</span> <span class='ocrx_word' id='word_1_283' title='bbox 1162 3597 1228 3658; x_wconf 94' lang='lat' dir='ltr'>quo</span> <span class='ocrx_word' id='word_1_284' title='bbox 1255 3576 1364 3638; x_wconf 91' lang='lat' dir='ltr'>arbitri</span> <span class='ocrx_word' id='word_1_285' title='bbox 1388 3574 1505 3637; x_wconf 89' lang='lat' dir='ltr'>exeis</span> 
     </span>
     <span class='ocr_line' id='line_1_35' title="bbox 275 3663 1503 3748; baseline -0.002 -22"><span class='ocrx_word' id='word_1_286' title='bbox 275 3672 363 3726; x_wconf 89' lang='lat' dir='ltr'>sorte</span> <span class='ocrx_word' id='word_1_287' title='bbox 388 3665 609 3731; x_wconf 86' lang='lat' dir='ltr'>sumebantur.</span> <span class='ocrx_word' id='word_1_288' title='bbox 656 3667 705 3728; x_wconf 91' lang='lat' dir='ltr'>Eo</span> <span class='ocrx_word' id='word_1_289' title='bbox 736 3677 869 3747; x_wconf 90' lang='lat' dir='ltr'>peracto</span> <span class='ocrx_word' id='word_1_290' title='bbox 901 3668 1031 3730; x_wconf 92' lang='lat' dir='ltr'>ultimus</span> <span class='ocrx_word' id='word_1_291' title='bbox 1055 3686 1238 3748; x_wconf 91' lang='lat' dir='ltr'>eponymus</span> <span class='ocrx_word' id='word_1_292' title='bbox 1261 3685 1372 3726; x_wconf 91' lang='lat' dir='ltr'>rursus</span> <span class='ocrx_word' id='word_1_293' title='bbox 1395 3663 1503 3745; x_wconf 94' lang='lat' dir='ltr'>primo</span> 
     </span>
     <span class='ocr_line' id='line_1_36' title="bbox 273 3753 1507 3840; baseline -0.002 -25"><span class='ocrx_word' id='word_1_294' title='bbox 273 3753 349 3816; x_wconf 92' lang='lat' dir='ltr'>loco</span> <span class='ocrx_word' id='word_1_295' title='bbox 380 3755 507 3832; x_wconf 90' lang='lat' dir='ltr'>positus</span> <span class='ocrx_word' id='word_1_296' title='bbox 538 3757 659 3817; x_wconf 91' lang='lat' dir='ltr'>recenti</span> <span class='ocrx_word' id='word_1_297' title='bbox 692 3753 895 3836; x_wconf 89' lang='lat' dir='ltr'>epheborum</span> <span class='ocrx_word' id='word_1_298' title='bbox 927 3758 1079 3840; x_wconf 84' lang='lat' dir='ltr'>catalogo</span> <span class='ocrx_word' id='word_1_299' title='bbox 1103 3757 1284 3818; x_wconf 90' lang='lat' dir='ltr'>indebatur.</span> <span class='ocrx_word' id='word_1_300' title='bbox 1332 3753 1367 3817; x_wconf 91' lang='lat' dir='ltr'>Si</span> <span class='ocrx_word' id='word_1_301' title='bbox 1391 3761 1507 3814; x_wconf 74' lang='lat' dir='ltr'>autem.</span> 
     </span>
     <span class='ocr_line' id='line_1_37' title="bbox 275 3840 1508 3910; baseline -0.002 -6"><span class='ocrx_word' id='word_1_302' title='bbox 275 3841 384 3904; x_wconf 84' lang='lat' dir='ltr'>officio</span> <span class='ocrx_word' id='word_1_303' title='bbox 419 3841 545 3910; x_wconf 90' lang='lat' dir='ltr'>militari</span> <span class='ocrx_word' id='word_1_304' title='bbox 584 3844 716 3906; x_wconf 93' lang='lat' dir='ltr'>demum</span> <span class='ocrx_word' id='word_1_305' title='bbox 753 3843 905 3908; x_wconf 86' lang='lat' dir='ltr'>consecto</span> <span class='ocrx_word' id='word_1_306' title='bbox 941 3847 1029 3908; x_wconf 91' lang='lat' dir='ltr'>cives</span> <span class='ocrx_word' id='word_1_307' title='bbox 1064 3865 1182 3907; x_wconf 89' lang='lat' dir='ltr'>annum</span> <span class='ocrx_word' id='word_1_308' title='bbox 1221 3843 1362 3906; x_wconf 91' lang='lat' dir='ltr'>arbitros</span> <span class='ocrx_word' id='word_1_309' title='bbox 1401 3840 1508 3903; x_wconf 82' lang='lat' dir='ltr'>luisse</span> 
     </span>
    </p>
   </div>
   <div class='ocr_carea' id='block_1_3' title="bbox 276 4054 1488 4550">
    <p class='ocr_par' dir='ltr' id='par_1_6' title="bbox 321 4054 552 4090">
     <span class='ocr_line' id='line_1_38' title="bbox 321 4054 552 4090; baseline 0.004 -1"><span class='ocrx_word' id='word_1_310' title='bbox 321 4054 332 4089; x_wconf 87' lang='grc'><strong>1</strong></span> <span class='ocrx_word' id='word_1_311' title='bbox 378 4071 381 4086; x_wconf 76' lang='grc' dir='ltr'><em>ι</em></span> <span class='ocrx_word' id='word_1_312' title='bbox 409 4056 414 4066; x_wconf 83' lang='grc'><strong>’</strong></span> <span class='ocrx_word' id='word_1_313' title='bbox 524 4057 552 4090; x_wconf 69' lang='lat' dir='ltr'>s),</span> 
     </span>
    </p>

    <p class='ocr_par' dir='ltr' id='par_1_7' title="bbox 276 4055 1488 4550">
     <span class='ocr_line' id='line_1_39' title="bbox 316 4055 1488 4210; baseline -0.003 -35"><span class='ocrx_word' id='word_1_314' title='bbox 316 4055 345 4208; x_wconf 60' lang='lat' dir='ltr'>q)</span> <span class='ocrx_word' id='word_1_315' title='bbox 357 4055 769 4210; x_wconf 53' lang='lat' dir='ltr'>idihirsgreladcidiibiibiiogin</span> <span class='ocrx_word' id='word_1_316' title='bbox 792 4129 908 4178; x_wconf 89' lang='lat' dir='ltr'>Berichte</span> <span class='ocrx_word' id='word_1_317' title='bbox 928 4130 991 4179; x_wconf 86' lang='lat' dir='ltr'>iiber</span> <span class='ocrx_word' id='word_1_318' title='bbox 1010 4130 1051 4178; x_wconf 90' lang='lat' dir='ltr'>die</span> <span class='ocrx_word' id='word_1_319' title='bbox 1065 4129 1144 4178; x_wconf 90' lang='lat' dir='ltr'>Verh.</span> <span class='ocrx_word' id='word_1_320' title='bbox 1164 4131 1209 4177; x_wconf 91' lang='lat' dir='ltr'>der</span> <span class='ocrx_word' id='word_1_321' title='bbox 1222 4130 1256 4178; x_wconf 92' lang='lat' dir='ltr'>K.</span> <span class='ocrx_word' id='word_1_322' title='bbox 1270 4127 1296 4178; x_wconf 89' lang='lat' dir='ltr'>S.</span> <span class='ocrx_word' id='word_1_323' title='bbox 1308 4129 1369 4178; x_wconf 88' lang='lat' dir='ltr'>Ges.</span> <span class='ocrx_word' id='word_1_324' title='bbox 1382 4128 1408 4178; x_wconf 90' lang='lat' dir='ltr'>d.</span> <span class='ocrx_word' id='word_1_325' title='bbox 1422 4126 1462 4174; x_wconf 93' lang='lat' dir='ltr'>W.</span> <span class='ocrx_word' id='word_1_326' title='bbox 1476 4141 1488 4172; x_wconf 90' lang='lat' dir='ltr'>z</span> 
     </span>
     <span class='ocr_line' id='line_1_40' title="bbox 276 4199 1241 4336; baseline -0.002 -17"><span class='ocrx_word' id='word_1_327' title='bbox 276 4199 480 4333; x_wconf 45' lang='lat' dir='ltr'>Leiiizsseiriiiiii</span> <span class='ocrx_word' id='word_1_328' title='bbox 496 4215 524 4320; x_wconf 75' lang='lat' dir='ltr'>cp.</span> <span class='ocrx_word' id='word_1_329' title='bbox 536 4200 734 4334; x_wconf 56' lang='lat' dir='ltr'>§bipiiiipiiog</span> <span class='ocrx_word' id='word_1_330' title='bbox 752 4268 836 4326; x_wconf 88' lang='grc' dir='ltr'><em>πάσας</em></span> <span class='ocrx_word' id='word_1_331' title='bbox 854 4267 898 4326; x_wconf 86' lang='grc' dir='ltr'><em>τὰς</em></span> <span class='ocrx_word' id='word_1_332' title='bbox 916 4268 960 4336; x_wconf 81' lang='grc' dir='ltr'>ἐφ’</span> <span class='ocrx_word' id='word_1_333' title='bbox 978 4268 1081 4336; x_wconf 87' lang='grc' dir='ltr'><em>ήλικίας</em></span> <span class='ocrx_word' id='word_1_334' title='bbox 1100 4268 1241 4334; x_wconf 88' lang='grc' dir='ltr'><em>στρατείας.</em></span> 
     </span>
     <span class='ocr_line' id='line_1_41' title="bbox 323 4339 782 4438; baseline 0.002 -47"><span class='ocrx_word' id='word_1_335' title='bbox 323 4339 344 4438; x_wconf 51' lang='lat' dir='ltr'>D</span> <span class='ocrx_word' id='word_1_336' title='bbox 363 4341 403 4394; x_wconf 71' lang='lat' dir='ltr'>Ch</span> <span class='ocrx_word' id='word_1_337' title='bbox 422 4343 658 4427; x_wconf 66' lang='lat' dir='ltr'>Kenyon‚ed.lL</span> <span class='ocrx_word' id='word_1_338' title='bbox 676 4343 782 4408; x_wconf 70' lang='lat' dir='ltr'>p.13L</span> 
     </span>
     <span class='ocr_line' id='line_1_42' title="bbox 320 4410 1248 4550; baseline 0 -18"><span class='ocrx_word' id='word_1_339' title='bbox 320 4412 348 4512; x_wconf 61' lang='grc' dir='ltr'>ὓ)</span> <span class='ocrx_word' id='word_1_340' title='bbox 363 4410 585 4548; x_wconf 46' lang='lat' dir='ltr'>ifvfliiipiwiwri.</span> <span class='ocrx_word' id='word_1_341' title='bbox 604 4481 747 4548; x_wconf 86' lang='grc' dir='ltr'><em>ἐπώνυμοι.</em></span> <span class='ocrx_word' id='word_1_342' title='bbox 785 4486 894 4550; x_wconf 85' lang='lat' dir='ltr'>Etymol.</span> <span class='ocrx_word' id='word_1_343' title='bbox 914 4487 1000 4550; x_wconf 83' lang='lat' dir='ltr'>Magn.</span> <span class='ocrx_word' id='word_1_344' title='bbox 1021 4501 1041 4537; x_wconf 80' lang='lat' dir='ltr'>s,</span> <span class='ocrx_word' id='word_1_345' title='bbox 1060 4502 1084 4534; x_wconf 90' lang='grc' dir='ltr'>υ.</span> <span class='ocrx_word' id='word_1_346' title='bbox 1104 4481 1248 4547; x_wconf 84' lang='grc' dir='ltr'><em>ἐπώνυμοι.</em></span> 
     </span>
    </p>
   </div>
   <div class='ocr_carea' id='block_1_4' title="bbox 319 4488 863 4623">
    <p class='ocr_par' dir='ltr' id='par_1_8' title="bbox 319 4488 863 4623">
     <span class='ocr_line' id='line_1_43' title="bbox 319 4488 863 4623; baseline -0.011 -18"><span class='ocrx_word' id='word_1_347' title='bbox 319 4488 342 4619; x_wconf 68' lang='lat' dir='ltr'>&#39;i</span> <span class='ocrx_word' id='word_1_348' title='bbox 362 4555 401 4604; x_wconf 79' lang='lat' dir='ltr'>Cf.</span> <span class='ocrx_word' id='word_1_349' title='bbox 421 4556 499 4604; x_wconf 90' lang='lat' dir='ltr'>Arist.</span> <span class='ocrx_word' id='word_1_350' title='bbox 515 4551 568 4604; x_wconf 75' lang='grc' dir='ltr'>Ἀθ.</span> <span class='ocrx_word' id='word_1_351' title='bbox 587 4553 644 4604; x_wconf 88' lang='grc' dir='ltr'><em>πολ.</em></span> <span class='ocrx_word' id='word_1_352' title='bbox 665 4571 721 4620; x_wconf 85' lang='lat' dir='ltr'>cap.</span> <span class='ocrx_word' id='word_1_353' title='bbox 740 4557 784 4618; x_wconf 82' lang='lat'>42,</span> <span class='ocrx_word' id='word_1_354' title='bbox 804 4554 818 4623; x_wconf 82' lang='lat'><strong>§</strong></span> <span class='ocrx_word' id='word_1_355' title='bbox 841 4559 863 4607; x_wconf 84' lang='lat' dir='ltr'>l,</span> 
     </span>
    </p>
   </div>
   <div class='ocr_carea' id='block_1_5' title="bbox 0 0 1624 5478">
    <p class='ocr_par' dir='ltr' id='par_1_9' title="bbox 0 0 1624 5478">
     <span class='ocr_line' id='line_1_44' title="bbox 0 0 1624 5478; baseline 0 1"><span class='ocrx_word' id='word_1_356' title='bbox 0 0 1624 5478; x_wconf 95' lang='lat' dir='ltr'> </span> 
     </span>
    </p>
   </div>
  </div>
 </body>
</html>
