3240 5478
750 529 968 592 ..12-

244 703 407 786 Ιδιαιτητάς
434 702 532 764 etiarn
557 723 684 765 morum
708 702 925 783 integritatem
950 703 992 765 ab
1017 703 1138 767 arbitro
1155 703 1299 785 postulat
1309 700 1342 790 ¹).
1376 701 1484 783 Quod

249 811 449 874 quamquam
499 790 694 855 Aristoteles
732 791 859 854 silentio
905 795 1153 872 praetermittit,
1202 801 1312 856 tamen
1362 790 1481 853 falsum

247 900 325 944 esse
361 879 436 943 inde
460 879 613 961 colligere
644 900 709 942 non
741 888 880 961 oportet.
927 880 1138 944 Aristotelem
1162 890 1243 962 puto
1267 901 1335 946 rem
1360 900 1419 961 per
1444 899 1484 942 se

251 966 455 1032 manifestam
472 969 692 1048 praeteriisse,
717 969 807 1051 quod
823 969 939 1050 cuique
963 971 1112 1032 accidere
1136 970 1230 1045 solet,
1257 971 1309 1054 qui
1326 988 1483 1051 praesen·

249 1066 321 1120 tem
357 1059 402 1120 rei
437 1057 588 1138 publicae
623 1067 743 1121 statum
778 1059 969 1140 aequalibus
1006 1059 1192 1122 describere
1227 1061 1379 1140 suscepit.
1428 1057 1482 1119 Ne

250 1147 370 1226 capitis
394 1146 528 1228 quidem
546 1147 730 1210 deminutos
746 1147 944 1212 Aristoteles
959 1149 1147 1210 nominatim
1164 1148 1288 1227 eximit,
1311 1148 1343 1209 in
1361 1167 1397 1210 re
1413 1166 1482 1209 non

252 1236 353 1298 dubia
376 1237 480 1298 minus
504 1244 683 1301 accuratus.
732 1236 832 1318 Quod
855 1256 933 1299 vero
958 1237 1201 1302 Demosthenes
1231 1237 1263 1299 in
1286 1237 1365 1300 Mid.
1390 1233 1412 1322 ξ
1437 1234 1483 1298 83

247 1333 287 1386 et
322 1324 365 1389 95
397 1322 558 1387 Stratonis
596 1325 706 1388 arbitri
748 1325 872 1405 probos
908 1326 1118 1410 integrosque
1161 1345 1269 1388 mores
1300 1325 1483 1388 identidem

252 1415 375 1493 laudat,
400 1414 524 1494 optime
547 1434 621 1476 cum
646 1412 767 1478 Suidae
789 1414 864 1477 loco
888 1435 1069 1496 congruere
1092 1415 1229 1478 videtur.
1270 1415 1358 1477 Num
1382 1415 1483 1478 etiam

264 1503 443 1566 ὑπεύθυνοι
477 1503 662 1583 excipiendi
696 1503 777 1582 sint,
817 1523 900 1584 quos
930 1505 1034 1568 Meier
1057 1501 1100 1588 (p.
1130 1503 1179 1590 12)
1200 1514 1372 1584 ¹exceptos
1403 1503 1484 1578 vult,

249 1593 380 1656 -dubito
1020 1627 1022 1632 ·

298 1681 351 1742 Ex
374 1679 428 1741 illo
456 1680 555 1761 igitur
581 1681 745 1762 catalog0,
778 1689 854 1743 ante
883 1680 1096 1763 quadraginta
1125 1701 1223 1745 unum
1252 1701 1357 1744 annos
1380 1679 1481 1759 fact0,

250 1769 468 1832 Aristotelem
492 1769 690 1838 verbotenus
725 1779 899 1852 sequentes
937 1769 1076 1834 arbitros
1099 1779 1249 1850 sumptos
1273 1789 1346 1832 esse
1369 1789 1485 1834 cense-

250 1857 387 1921 bimus?
411 1859 467 1934 An
491 1860 682 1922 recensione
706 1860 848 1941 quadam
880 1859 967 1922 illum
992 1859 1177 1940 catalogum
1201 1867 1384 1922 correctum
1408 1877 1484 1921 esse

248 1945 468 2030 putabimus?
506 1947 610 2030 quue
657 1967 716 2012 eos
751 1949 958 2030 magistratus
995 1945 1130 2023 fecisse,
1170 1948 1289 2030 quibus
1328 1946 1484 2028 catalogo

250 2045 410 2099 accurato
434 2036 476 2098 ad
500 2038 686 2101 sortiendos
710 2038 848 2100 arbitros
872 2057 955 2118 opus
978 2046 1058 2114 erat,
1081 2056 1189 2099 nonne
1212 2035 1384 2099 verisimile
1408 2035 1482 2098 est?

256 2125 329 2187 Hac
363 2126 460 2206 igitur
490 2125 663 2209 δοκιμασίᾳ
688 2125 777 2207 apud
811 2127 994 2206 iudices,
1023 2126 1283 2208 praesidentibus
1318 2125 1379 2187 XL
1409 2125 1486 2188 viris

250 2214 415 2295 instituta,
453 2234 497 2276 ex
520 2214 574 2276 illo
598 2215 802 2296 epheborum
832 2215 939 2278 indice
963 2236 1066 2278 novus
1089 2217 1266 2277 correctior
1288 2214 1484 2277 arbitrorum

250 2324 276 2365 a
292 2303 354 2366 XL
376 2304 452 2366 viris
475 2303 642 2367 confectus
666 2313 724 2366 est.
757 2306 850 2369 Licet
873 2306 1081 2386 magistratus
1105 2304 1260 2368 militares
1284 2302 1486 2366 anteceden-

256 2392 345 2454 tibus
367 2393 458 2454 annis
481 2393 597 2454 similia
620 2392 790 2474 fecerintl),
815 2394 927 2457 ultimo
951 2414 1036 2456 anno
1059 2394 1217 2473 imprimis
1239 2391 1301 2454 XL
1313 2393 1387 2454 viris
1410 2412 1486 2454 cum

256 2482 384 2543 arbitris
407 2502 460 2544 res
484 2490 563 2560 erat,
588 2483 698 2564 itaque
722 2483 794 2546 illos
817 2483 1003 2564 catalogum
1026 2483 1179 2544 traditum
1195 2481 1286 2562 ipsos
1302 2481 1486 2542 correxisse

257 2578 512 2633 consentaneum
536 2579 597 2634 est.
629 2572 682 2635 Ex
704 2572 767 2633 hac
784 2572 957 2654 δοκιμασίᾳ
971 2591 1089 2652 parvus
1106 2571 1300 2633 arbitrorum
1318 2589 1483 2644 numerus,

253 2679 357 2740 ‘quem
382 2659 414 2720 in
437 2659 529 2723 titulo
553 2681 573 2722 a
597 2661 716 2724 Rossio
751 2661 841 2723 edito
865 2662 1049 2743 reperimus,
1087 2660 1176 2722 haud
1211 2661 1280 2722 scio
1315 2679 1355 2721 an
1391 2677 1485 2738 repe-

254 2748 378 2812 tendus
403 2749 453 2810 sit.

837 2926 915 3014 es.

592 3106 654 3182 De
683 3108 934 3182 arbitrorum
963 3127 1150 3181 numero

276 3280 430 3345 ·Hubert
453 3283 484 3344 in
515 3303 548 3364 p.
575 3282 617 3345 24
641 3284 877 3346 dissertationis
907 3303 985 3345 suae
1009 3284 1162 3363 queritur,
1195 3280 1285 3363 quod
1309 3282 1372 3343 hac
1396 3282 1426 3342 in
1449 3299 1485 3341 re

256 3369 404 3432 fontibus
422 3371 645 3435 destituamur.
679 3374 774 3436 Nunc
789 3373 921 3435 tandem
945 3372 1019 3434 fons
1042 3373 1193 3434 inventus
1217 3378 1279 3448 est,
1303 3369 1390 3432 unde
1413 3376 1484 3430 toto

259 3467 396 3539 pectore
419 3480 531 3523 verum
555 3461 747 3526 hauriamus
786 3460 852 3525 Sed
872 3462 1061 3544 priusquam
1077 3480 1118 3522 eo
1135 3459 1225 3521 fonte
1241 3467 1376 3535 utamur,
1402 3477 1484 3537 quae

260 3549 387 3628 priores
412 3550 454 3612 de
471 3550 665 3614 arbitrornm
682 3572 817 3614 nurnero
838 3551 1009 3626 senserint,
1034 3547 1255 3629 comparanda
1272 3556 1355 3610 sunt.
1391 3545 1483 3608 Unus

260 3636 361 3716 locuS,
387 3639 440 3718 qui
456 3658 495 3700 eo
512 3641 662 3720 pertinet,
687 3650 756 3703 erat
772 3641 940 3703 adnotatio
958 3639 1088 3720 Ulpiani
1108 3638 1161 3719 qui
1178 3646 1312 3698 vocatur
1327 3655 1481 3716 gramma-

259 3726 312 3786 tici
326 3726 368 3787 ad
383 3726 478 3788 Dem.
497 3727 613 3814 Mid.§
630 3728 673 3792 86
690 3729 734 3810 (p.
752 3729 827 3810 542,
849 3728 915 3812 lbi:
936 3729 1016 3811 ἦσαν
1032 3724 1095 3791 δὀἱ
1119 3726 1269 3809 διαιτηταὶ
1288 3725 1340 3807 pd'
1362 3725 1482 3806 (τεσσα-

260 3815 400 3894 ράκοντα
423 3818 585 3900 τέσσαρες)
610 3819 686 3881 καθ’
711 3819 845 3902 ἑκάστην
870 3819 983 3901 φυλήν.
1032 3815 1099 3879 Sed
1122 3836 1196 3877 curn
1220 3815 1386 3876 universus
1406 3833 1481 3893 qua-

260 3904 502 3984 dringentorum
527 3908 741 3988 quadraginta
763 3907 958 3970 arbitrorum
982 3925 1134 3968 numerus
1153 3905 1228 3966 viris
1245 3903 1350 3964 doctis
1367 3903 1480 3964 nimius

258 4028 419 4038 ——

306 4079 330 4148 1)
348 4080 486 4147 καθαροὺς
504 4081 589 4150 πάσης
608 4085 691 4142 αἰτίας
710 4083 923 4150 ὕπειλημμέναυς.

303 4150 326 4218 2)
344 4155 404 4204 Hoc
433 4162 501 4205 certe
529 4157 634 4207 ineunte
664 4172 715 4207 nou
734 4165 838 4206 exeunte
866 4173 933 4206 anno
965 4156 1020 4204 sieri
1040 4155 1148 4212 solebat,
1168 4153 1252 4218 itaque
1271 4152 1335 4200 laisa
1354 4157 1394 4200 est
1412 4151 1478 4200 Goo-

253 4225 328 4273 -dellii
346 4227 471 4276 sententia
499 4225 568 4294 (Am.
589 4229 677 4294 Journ.
697 4228 727 4276 os
741 4229 832 4278 Philol.
852 4229 913 4289 XII,
931 4229 947 4277 3
966 4244 993 4292 p.
1014 4221 1131 4291 319s20),
1155 4225 1198 4290 qui
1217 4222 1395 4274 anniversariis
1415 4231 1478 4271 cata·

258 4297 312 4358 logi
332 4298 493 4361 epheborum
522 4301 725 4350 correctionibus
753 4301 779 4347 id
809 4300 927 4348 effectum
956 4313 1012 4346 esse
1030 4304 1114 4362 putat,
1132 4303 1159 4346 ut
1177 4297 1224 4344 XL
1243 4295 1290 4344 viri
1309 4293 1478 4358 magistratum

258 4368 365 4431 ingressi
384 4377 482 4418 rectum
502 4373 643 4436 catalogum
663 4373 688 4418 in
708 4371 823 4420 manibus
842 4371 976 4422 haberent.
1013 4368 1064 4417 Sed
1082 4368 1160 4429 idern,
1179 4366 1249 4431 quod
1268 4365 1389 4414 omnibus
1409 4379 1478 4431 prae·

259 4441 408 4491 cedentibus
427 4444 498 4490 annis
518 4443 610 4492 factum
630 4449 693 4505 erat,
714 4443 788 4490 etiarn
806 4442 894 4490 ultimo
913 4457 978 4489 anno
997 4442 1101 4490 ineunte
1120 4440 1285 4487 observatum
1299 4453 1356 4486 esse
1371 4437 1478 4500 videtur,

256 4509 337 4574 idque
355 4528 401 4576 per
420 4513 468 4562 XL
486 4514 563 4575 viros,
582 4515 624 4579 qui
643 4512 782 4577 διαιτηταῖς
802 4512 995 4578 quodammodo
1014 4517 1159 4576 praeerant.
