3240 5478
570 565 790 628 ..45-

57 767 139 808 nam
164 744 240 808 illud
264 754 478 826 praeceptum
502 745 566 806 iam
590 746 718 825 pridem
743 754 856 807 notum
882 751 958 806 erat.
990 741 1037 805 Cf.
1063 741 1298 805 Hudtwalcker

58 858 94 918 p.
127 834 199 910 129,
223 835 327 896 Meier
349 855 381 914 p.
408 834 460 913 28,
484 833 613 896 Hubert
636 854 669 916 p.
699 834 752 908 tl,
778 834 832 915 qui
855 834 1033 914 praecipue
1058 833 1156 900 Dem.
1182 851 1228 894 or.
1254 830 1300 893 39

60 926 152 1007 (adv.
168 921 276 1009 Boot.)
301 925 317 1002 ἓ
346 923 383 984 17
414 923 614 986 nitebantur:
654 929 751 986 ταῦτα
782 921 842 986 δἐἰ
869 923 916 1004 μη
952 922 1206 1005 σεσημασμένων
1236 920 1297 1001 ἤδη

60 1015 183 1096 συνέβη
207 1018 273 1075 τῶν
297 1013 421 1093 ἐχίνων,
457 1015 518 1075 κᾶν
541 1014 709 1094 μάρτυρας
731 1014 808 1094 ὑμῖν
829 1012 1050 1094 παρεσχόμην.
1087 1009 1297 1072 Grammatici

58 1123 133 1165 rem
158 1102 402 1183 praeterierunt.

109 1192 145 1253 In
181 1190 321 1253 Pollucis
331 1190 356 1270 1)
393 1190 434 1251 de
469 1189 759 1270 provocationibus
794 1189 1022 1267 adnotatione,
1061 1207 1159 1269 quarn
1193 1186 1298 1248 Hudt-

60 1277 241 1364 walckert)
276 1279 399 1360 primus
424 1277 609 1359 explicavit,
641 1282 738 1342 etiam
762 1278 845 1341 haec
869 1278 1039 1358 leguntur:
1080 1277 1115 1339 τὸ
1140 1277 1176 1339 δὲ
1198 1299 1299 1355 παρα-

62 1369 349 1452 καταβαλλόμενον
373 1369 424 1431 ἐπὶ
448 1373 513 1430 τῶν
537 1370 689 1450 έφέσεων,
713 1369 794 1449 ὅπερ
819 1369 850 1430 οἶ
865 1373 922 1430 νῦν
937 1367 1138 1447 παραβόλιον
1153 1366 1297 1436 καλοῦσι,

64 1459 258 1540 παράβολον
275 1458 487 1540 Αριστοτέλης
503 1459 591 1538 λέγει.
616 1457 745 1520 Hubert
760 1458 872 1518 nescio
889 1476 954 1540 quo
966 1463 1075 1536 pacto
1092 1455 1177 1516 hanc
1194 1477 1299 1535 παρα-

64 1549 251 1630 καταβολήν
274 1547 306 1608 in
330 1545 480 1609 omnibus
503 1546 801 1628 provocationibus,
835 1565 916 1626 ergo
948 1545 1046 1606 etiam
1070 1544 1228 1606 adversus
1253 1563 1299 1604 ar-

62 1639 170 1700 bitros
194 1633 299 1712 lactis,
323 1637 476 1698 usitatam
507 1635 662 1715 neglexit.
703 1634 805 1714 Apud
830 1633 1043 1696 Aristotelem
1074 1652 1153 1694 vero
1178 1651 1302 1694 nornen

62 1727 259 1808 παράβολον
297 1746 363 1787 non
394 1725 509 1792 inveni,
549 1723 617 1806 (Cf.
642 1725 765 1798 Bonita,
798 1723 867 1785 Ind.
904 1719 1056 1806 Aristot.)

640 2011 657 2086 ς
685 2008 734 2074 12.

65 2199 132 2274 De
153 2195 226 2270 XL
253 2199 439 2270 virorum
469 2203 511 2270 et
539 2196 790 2270 arbitrorum
816 2199 1089 2271 institutionis
1114 2201 1302 2290 tempore

227 2368 234 2386 ι
287 2327 329 2395 et
357 2321 407 2394 de
436 2323 621 2394 muneris
642 2342 786 2395 eorum
805 2324 1087 2396 incrementis,

115 2523 212 2604 Quae
228 2523 336 2585 adhuc
353 2523 394 2584 de
410 2523 471 2585 XL
487 2523 562 2584 viris
575 2525 739 2604 cognitum
756 2523 967 2599 habebamus
985 2525 1160 2588 maximam
1173 2533 1303 2606 partem

65 2635 84 2676 e
111 2613 331 2695 grammaticis
341 2610 364 2698 ³)
388 2612 505 2674 hausta
520 2620 621 2675 erant.
646 2613 739 2674 Nunc
756 2612 829 2675 sons
854 2615 1148 2694 grammaticorum,
1174 2613 1299 2676 Aristo·

64 2703 142 2765 telis
167 2701 208 2762 de
232 2709 337 2764 const.
355 2701 436 2764 Ath.
453 2700 543 2780 liber,
568 2711 714 2782 repertus
731 2711 792 2764 est.
817 2703 847 2764 Is
864 2703 946 2764 haec
963 2703 1118 2782 praebet:
1143 2704 1299 2786 κληροῦσι

65 2793 102 2855 δὲ
127 2791 182 2853 καὶ
201 2790 275 2859 τοὺς
290 2791 526 2870 τετταράκοντα,
551 2791 699 2871 τέτταρας
722 2792 758 2854 ἐκ
774 2799 829 2873 τῆς
852 2793 956 2873 φυλῆς
980 2792 1124 2874 ἑκάστης,
1142 2792 1226 2873 ττρὸς
1243 2795 1300 2860 οὓς

65 2881 124 2949 τὰς
150 2880 247 2948 ἄλλας
271 2879 362 2947 ὁίκας
386 2880 596 2960 λαγχάνουσιν
614 2901 619 2912 ·
637 2883 670 2943 οἳ
690 2881 847 2962 πρότερον
869 2881 935 2963 μὴν
957 2880 1038 2962 ἦσαν
1061 2884 1229 2962 τριάκοντα
1245 2882 1305 2942 καὶ.

65 2969 151 3032 κατὰ
176 2969 302 3051 δήμους
325 2969 496 3050 περιιόντες
528 2969 692 3046 ἐδίκαζον,
724 2970 803 3051 μετὰ
831 2969 866 3031 δὲ
888 2971 945 3051 τὴν
968 2970 1019 3032 ἐπὶ
1042 2975 1107 3032 τῶν
1130 2972 1299 3052 τριάκοντα

66 3059 254 3139 ὀλιγαρχίαν
276 3060 505 3138 τετταράκοντα
532 3059 703 3138 γεγόνασιν.
752 3059 784 3122 Si
816 3059 1122 3139 Harpocrationem,
1148 3059 1201 3140 qui
1229 3058 1301 3120 Ari·

66 3147 224 3212 stotelem
249 3155 415 3210 auctorem
447 3147 601 3223 nominat,
638 3167 711 3208 curn
742 3149 816 3228 ipso
848 3147 1029 3210 Aristotele
1061 3167 1303 3228 comparamus„

67 3237 172 3299 verba
195 3236 275 3318 μετὰ
291 3235 326 3299 δὲ
341 3237 477 3318 τὴντῶν
493 3238 660 3318 τριάκοντα
684 3237 866 3318 ὀλιχαρχίαν
886 3237 1114 3318 τετταράκοντα
1139 3238 1301 3318 γεγόνασιν

67 3326 160 3406 apud
184 3325 270 3388 illum
289 3325 523 3392 desideramus.
548 3325 611 3387 Pro
628 3327 673 3386 eis
697 3325 774 3386 nihil
798 3327 857 3387 nisi
882 3328 943 3390 εἶτα
967 3329 1133 3406 supponit,
1159 3346 1301 3389 summa-

67 3418 129 3478 tim
155 3414 262 3476 locum
286 3413 486 3482 exscribens.
519 3413 635 3475 Pollux
658 3433 735 3476 vero
759 3435 825 3477 non
849 3424 1021 3478 contentus
1045 3417 1100 3487 eis,
1125 3435 1208 3497 quae
1231 3415 1302 3476 Ari-

68 3503 210 3567 stoteles
241 3503 349 3577 tradit,
375 3523 506 3564 causam
537 3503 742 3566 manifestam
762 3505 861 3584 addit,
889 3525 945 3567 cur
969 3504 1066 3566 XXX
1082 3505 1223 3567 virorum
1247 3525 1301 3564 nu·

69 3612 182 3655 merus
206 3599 318 3654 auctus
343 3593 400 3654 sit:
425 3593 508 3673 μίσει
531 3599 587 3655 τοῦ
612 3593 754 3674 ἀριθμοῦ
777 3599 833 3656 τοῦ
856 3594 1036 3674 τριάκοντα.

118 3679 195 3761 Quo
224 3699 302 3742 vero
325 3689 475 3761 tempore
498 3689 532 3742 et
555 3701 574 3743 a
598 3701 664 3761 quo
687 3701 846 3762 pagorum
877 3683 999 3744 iudices
1022 3683 1156 3744 instituti
1181 3690 1307 3760 essent,

70 3791 140 3834 non
165 3771 270 3832 minus
294 3769 449 3832 incertum
474 3778 561 3846 erat,
596 3791 693 3851 quam
726 3771 915 3833 arbitrorum
939 3771 1148 3834 institutionis
1171 3779 1303 3851 tempus

70 3861 173 3923 etiam
198 3859 297 3921 hodie
322 3868 381 3920 est.
408 3858 489 3939 Quis
512 3866 621 3920 autem
646 3879 712 3921 non
735 3863 876 3936 miratur,
901 3861 991 3941 quod
1016 3859 1213 3923 Aristoteles
1236 3868 1302 3921 tam

69 3956 228 4012 accurate
252 3949 295 4009 ad
318 3946 403 4009 illam
428 3948 651 4030 quaestionem
676 3949 871 4028 respondetl
909 3950 994 4011 Nam
1025 3950 1108 4012 inter
1131 3950 1303 4011 vehemen-

70 4037 216 4102 tissimas
239 4037 378 4117 partium
402 4036 577 4098 seditiones
594 4045 628 4100 et
644 4039 850 4118 gravissimas
871 4039 1197 4118 rerumpublicarum
1214 4057 1304 4099 com-

76 4198 239 4208 “—

111 4285 123 4322 1
157 4286 232 4348 vm,
251 4282 322 4351 msa
425 4259 427 4263 ’

114 4477 136 4544 ³)
156 4481 245 4530 Pollux
264 4481 339 4543 VIII,
356 4479 415 4532 100.
434 4479 562 4544 Harpocr.
582 4497 603 4533 s.
615 4497 638 4531 v.
658 4477 725 4530 κατὰ
752 4479 852 4546 δήμους
870 4479 1004 4538 δικαστάς.
1036 4483 1111 4532 Phot.
1140 4499 1158 4532 s.
1179 4500 1202 4535 v.
1222 4501 1310 4533 τέττα--

74 4549 203 4614 ράκοντα.
224 4553 284 4603 Lex.
305 4552 382 4616 Segu.
402 4550 491 4616 (Bekk.
510 4549 623 4619 Anecd.)
644 4551 704 4616 306,
724 4553 783 4606 310.
