3240 5478
643 581 862 644 ..15-

129 754 176 818 ad
200 755 399 836 antiquitatis
422 763 572 835 tempora
596 753 755 816 adhibere
771 753 931 828 volumus,
956 762 1043 815 certe
1059 753 1269 817 minuendum
1287 773 1360 815 esse

130 853 239 924 putat.
264 842 332 906 Sed
348 851 535 905 accuratum
552 862 720 906 numerum
736 844 802 905 hoc
825 842 926 906 modo
950 861 1114 922 nunquam
1137 861 1359 923 assequemur,

133 933 220 996 Nam
243 933 378 995 scientia
401 941 436 994 ut
458 933 503 994 ita
528 932 636 994 dicam
660 932 819 994 statistica
842 932 902 994 nisi
926 933 1042 995 ceteris
1071 931 1204 1011 paribus
1226 932 1271 993 uti
1294 952 1360 994 non

131 1020 226 1095 licet;
261 1022 426 1084 Britannia
459 1040 538 1084 vero
572 1020 623 1082 vel
651 1019 825 1083 Germania
851 1029 964 1084 nostra
999 1027 1032 1081 et
1055 1019 1193 1083 Graecia
1229 1021 1361 1101 antiqua

133 1111 241 1192 spatio
273 1121 307 1174 et
336 1119 487 1190 tempore
522 1110 617 1172 nimis
651 1111 735 1172 Inter
770 1129 806 1172 se
843 1111 963 1174 distare
993 1109 1152 1176 videntur.
1207 1109 1360 1171 Athenas

132 1200 234 1280 igitur
256 1199 447 1262 redeamus!
475 1199 522 1261 Ibi
546 1197 603 1261 IV.
628 1197 760 1261 saeculo
784 1219 813 1260 a.
838 1197 914 1266 Chr.
938 1218 967 1261 n.
979 1197 1003 1284 1)
1026 1198 1138 1278 viginti
1165 1198 1233 1263 fere
1264 1198 1361 1260 millia

129 1290 251 1352 civium
275 1287 448 1371 fueruntI).
497 1287 606 1368 Quem
637 1307 805 1350 numerum
828 1289 855 1350 si
878 1287 968 1349 XLII
993 1305 1150 1349 annorum
1173 1289 1257 1351 serie
1282 1288 1361 1352 divi·

134 1377 251 1458 dimus,
288 1377 404 1456 singuli
428 1378 502 1440 anni
527 1376 1014 1460 quadringenosseptuagenos
1044 1395 1141 1438 senos
1175 1378 1262 1440 cives
1286 1397 1361 1438 con-

130 1467 284 1535 tinerent.
332 1465 485 1532 Seniores
508 1475 616 1529 autem
640 1486 659 1527 a
683 1465 858 1528 iunioribus
882 1485 1015 1528 numero
1043 1465 1142 1546 longe
1165 1465 1361 1546 superaban-

131 1555 232 1642 turi),
264 1555 372 1618 multis
403 1556 435 1617 in
469 1554 558 1617 bello
590 1556 706 1617 occisis
737 1563 792 1618 aut
821 1553 937 1616 morbo
968 1553 1152 1634 absumptis
1176 1564 1232 1618 aut
1254 1557 1361 1636 capite

130 1643 319 1708 deminutis.
343 1645 399 1706 Eis
423 1644 571 1725 denique,
598 1645 652 1724 qui
676 1663 716 1705 eo
740 1663 826 1706 anno
850 1645 1042 1724 magistratu
1065 1643 1284 1724 fungebantur
1306 1653 1362 1706 aut

130 1743 229 1796 extra
260 1735 396 1814 patriam
427 1733 729 1810 commorabantur,
766 1734 914 1815 exceptis
944 1752 1094 1794 numerus
1124 1733 1226 1796 multo
1257 1735 1362 1796 minor

132 1843 233 1904 quam
259 1821 511 1886 CCCCLXXVI
534 1817 680 1890 efficitur,
716 1821 860 1884 Dimidio
881 1823 976 1901 igitur
991 1822 1104 1902 posito
1131 1822 1268 1884 eundem
1294 1821 1362 1886 fere

130 1932 233 1994 quem
270 1911 413 1975 Goodell
444 1931 611 1974 numerum
644 1911 833 1991 accipimus
881 1909 1037 1973 Concedo
1072 1912 1103 1972 in
1137 1910 1201 1973 hac
1232 1931 1361 1993 quoque

132 2001 381 2082 computatione
416 1999 518 2062 multa
552 2019 617 2062 non
641 2000 721 2062 satis
744 2009 834 2061 certa
857 2017 949 2077 esse;
982 2007 1127 2062 attamen
1162 2001 1295 2082 propius
1318 2001 1360 2062 ad

135 2091 305 2154 veritatem
321 2090 482 2152 accedere
497 2091 529 2151 in
545 2108 702 2169 praesens
719 2106 784 2150 non
800 2087 885 2154 lieet.

713 2279 790 2368 §a

131 2445 195 2522 De
223 2450 397 2544 ratione,
427 2467 530 2544 quae
561 2447 793 2522 intercedat
819 2449 928 2521 inter
955 2448 1088 2522 tribus
1109 2453 1151 2521 et
1169 2449 1359 2524 arbitros

183 2622 336 2684 Arbitros
360 2643 426 2684 non
450 2621 631 2684 secundum
655 2621 758 2684 tribus
782 2621 842 2685 sed
865 2643 910 2694 ex
933 2622 1084 2685 omnibus
1107 2622 1365 2686 Atheniensibus

137 2711 265 2776 electos
289 2731 364 2774 esse
387 2711 526 2773 Hubert.
546 2708 590 2796 (p.
617 2708 669 2795 28)
701 2720 733 2774 et
757 2711 928 2773 contendit
959 2720 992 2773 et
1015 2711 1177 2792 probavit,
1209 2713 1365 2793 imprimis

136 2800 235 2864 titulo
259 2822 279 2862 a
301 2798 422 2862 Rossio
446 2801 536 2863 edito
560 2809 593 2862 et
615 2799 711 2870 Dem.
743 2799 884 2862 Midiana
915 2801 1012 2877 nisus
1044 2801 1098 2862 ubi
1122 2801 1241 2879 arbitri,
1272 2822 1365 2862 accu-

138 2889 252 2968 santis
287 2891 332 2952 rei
355 2889 458 2951 tribus
491 2891 639 2951 diversae
673 2897 757 2958 sunt.
804 2889 871 2952 Eos
894 2890 1007 2964 locos,
1043 2893 1097 2970 qui
1122 2890 1254 2952 obstare
1277 2890 1366 2952 vide-

138 2975 309 3064 hamum),
344 2979 446 3040 Meier
481 2978 525 3060 (p.
564 2975 654 3063 Itijb)
689 2987 722 3041 et
756 2978 885 3040 Hubert
918 2979 964 3060 (p.
1002 2977 1091 3063 28l9)
1126 2979 1168 3041 ad
1203 2999 1365 3060 pagorum

139 3067 263 3130 iudices
288 3068 488 3135 rettulerunt.
519 3067 563 3130 Et
585 3067 695 3129 locum
719 3067 857 3130 Pollucis
872 3068 957 3146 VIII,
982 3067 1022 3131 91
1049 3068 1178 3130 Hubert
1202 3069 1248 3130 sic
1271 3069 1365 3130 inter·

137 3165 285 3237 pretatus
303 3167 363 3231 est,
389 3165 424 3218 ut
440 3177 557 3219 vocem
582 3157 669 3238 φυλῇ
692 3157 735 3218 ad
752 3155 887 3220 eosdem
911 3157 1035 3220 iudices
1050 3157 1194 3236 referret,
1218 3158 1251 3219 id
1275 3157 1364 3238 quod

133 3245 327 3308 Aristotelis
343 3265 416 3326 cap.
430 3246 483 3322 58,
500 3243 519 3330 ξ
535 3245 558 3307 b
573 3244 814 3326 comprobatur.
846 3247 942 3310 Idem
959 3245 1004 3326 (p.
1018 3243 1072 3331 30)
1088 3245 1331 3308 Schb'mannum
1342 3244 1365 3332 5)

139 3343 272 3396 secutus
295 3335 481 3396 universum
508 3334 701 3396 arbitrorum
725 3354 892 3396 numerum
917 3355 935 3396 e
960 3336 1084 3398 cunctis
1107 3335 1365 3397 Atheniensibus

135 3432 227 3485 sorte
242 3432 445 3504 sumptorum
462 3432 551 3486 sorte
568 3443 699 3506 quoque
723 3423 754 3484 in
771 3425 885 3486 decem
909 3433 1020 3505 partes
1035 3427 1080 3486 ita
1105 3424 1242 3487 divisum
1265 3423 1365 3486 fuisse

133 3511 227 3587 dicit,
252 3520 287 3573 ut
311 3511 615 3594 singulis'tribubus
635 3512 782 3592 singulae
806 3521 917 3593 partes
940 3513 1213 3576 constituerentur
1222 3513 1257 3596 6).
1283 3511 1364 3574 Cum

137 3600 318 3662 Aristotele
333 3601 419 3662 illam
431 3603 574 3682 priorem
588 3603 813 3685 quaestionem
826 3602 869 3663 ad
881 3601 979 3664 finem
991 3603 1216 3682 perduximus,
1229 3602 1365 3664 alteram

135 3689 178 3750 ab
202 3709 242 3752 eo
279 3691 408 3752 silentio
443 3692 707 3772 praetermissam
738 3691 781 3752 ob
812 3692 847 3753 id
877 3693 985 3771 ipsum
1017 3691 1126 3752 denuo
1150 3693 1364 3754 instituamus,

130 3813 290 3823 ——-

181 3865 206 3932 1)
225 3869 267 3918 De
291 3868 362 3916 huius
390 3869 485 3918 saeculi
509 3869 709 3919 institutionibus
733 3869 839 3922 Aristot.
865 3869 889 3918 in
911 3865 957 3919 Ἀθ
973 3866 1029 3918 πολ.
1050 3869 1171 3934 imprimis
1192 3870 1269 3918 verba
1288 3870 1364 3926 iacit;

136 3939 222 4044 itaq2ue
240 3939 399 4046 Thucydidi?
418 3939 463 4004 (II.
486 3939 529 4004 13)
543 3941 723 4022 vtestimonium
743 3941 825 3992 omisi.

182 4009 205 4144 ³3
221 4009 650 4145 sztiislsiieidpbiiiliiisqnumerus
675 4067 771 4144 eorum,
799 4083 841 4148 qui
860 4083 1040 4146 sexagesimum
1060 4085 1146 4132 aetatis
1164 4098 1257 4132 annum
1277 4091 1364 4149 agunt,

133 4151 280 4202 -dirnidIo
309 4154 388 4202 fere
415 4155 523 4203 minor
551 4161 590 4202 est
617 4165 712 4202 eorum·
734 4171 851 4216 numero,
878 4156 919 4218 qui
938 4155 1028 4203 XVIII
1047 4171 1128 4204 annos
1148 4155 1202 4202 nati
1221 4161 1286 4203 sunt.
1326 4154 1365 4204 cf.

136 4223 310 4273 Monatsheite
330 4241 373 4272 zur
391 4224 507 4274 Statistik
526 4227 571 4274 des
590 4225 741 4274 Deutschen
761 4226 854 4275 Reichs
876 4225 953 4288 1887,
971 4226 1016 4275 XI.
1035 4242 1061 4290 p.
1081 4227 1106 4288 8,
1125 4226 1149 4276 9.

179 4291 202 4358 ⁴)
220 4295 279 4357 Lys.
300 4295 343 4357 23,
361 4293 378 4361 ξ
398 4296 413 4345 2
433 4303 459 4346 et
476 4297 557 4360 Harp.
577 4313 596 4346 s.
616 4313 639 4347 v.
659 4294 706 4348 dn.

181 4361 202 4428 ⁸)
220 4366 314 4416 Philol.
335 4367 357 4430 Ι,
376 4382 400 4429 p.
425 4366 484 4416 730.

179 4435 202 4499 ⁸)
220 4437 291 4486 Idem
310 4439 433 4490 sentiunt:
459 4438 557 4502 Lipsius
576 4440 608 4488 A.
628 4435 661 4486 Ρ2
681 4457 708 4505 p.
730 4438 812 4496 1015;
845 4435 1168 4505 Busolt1p.178s9adn.
1191 4441 1235 4498 11;
1265 4436 1365 4489 uus01t2

133 4523 162 4572 p.
180 4507 229 4560 271
252 4509 311 4558 adn.
331 4509 362 4566 33
382 4509 509 4560 Thumser
527 4527 553 4575 p.
575 4510 636 4570 593,
656 4510 758 4576 Lipsius
775 4511 892 4562 Berichte
916 4518 967 4564 ete.
986 4527 1012 4576 p.
1026 4511 1060 4560 58
1079 4511 1232 4576 (ambigue);
1253 4511 1367 4561 Goodell

138 4579 197 4629 Am.
216 4579 306 4644 Journ.
326 4579 354 4627 oi
371 4580 417 4632 Ph.
436 4581 495 4643 XII,
514 4582 539 4643 3,
557 4598 584 4646 p.
604 4581 663 4631 322.
