3240 5478
627 559 822 622 ..5.-

92 735 283 799 *editionem
308 736 520 816 aKenyonio
546 735 725 822 curatam1).
749 736 911 818 Equidem
943 735 1049 800 lateor
1071 737 1234 800 neminem
1256 737 1334 800 mihi

97 824 215 887 adhuc
231 825 433 905 persuasisse
449 845 571 902 eorum,
598 825 652 908 qui
669 845 734 888 non
752 824 966 892 Aristotelem
982 825 1053 888 libri
1069 835 1237 889 auctorem
1261 846 1335 890 esse

98 913 317 989 contendunt,
351 914 411 976 sed
434 915 530 977 alium
556 913 719 996 quendam
742 923 799 978 aut
822 913 1018 995 discipulum
1041 924 1097 977 aut
1119 917 1221 978 virum
1245 917 1276 978 in
1300 934 1335 978 re

101 1002 238 1083 publica
259 1011 435 1067 versatum.
482 1000 548 1066 Sed
580 1013 744 1085 utcunque
775 1023 828 1068 res
851 1023 887 1066 se
919 1003 1030 1084 habet,
1062 1005 1240 1067 secundam
1263 1003 1334 1066 libri

98 1101 233 1172 partem
258 1112 385 1155 summa
407 1092 473 1154 fide
490 1092 622 1173 dignam
639 1112 713 1154 esse
737 1112 851 1155 omnes
878 1094 960 1156 inter
974 1111 1010 1155 se
1023 1094 1237 1172 consentiunt,
1261 1113 1334 1155 cum

100 1181 148 1244 de
172 1183 281 1262 priore
306 1181 462 1244 historica
485 1191 577 1262 parte
602 1180 831 1260 dissentienti).

152 1269 301 1356 Tandem
325 1271 382 1332 viri
406 1270 531 1334 eisdem
554 1271 760 1356 temporibus
776 1273 837 1333 orti
853 1271 958 1334 studia
976 1271 1068 1333 dere
1085 1270 1215 1353 publica
1229 1269 1334 1333 Athe-

101 1360 265 1422 niensium
296 1360 428 1423 inventa
458 1368 550 1435 sunt;
583 1359 648 1423 hoc
679 1380 758 1422 sane
788 1360 905 1421 summi
937 1361 1095 1424 momenti
1127 1368 1186 1422 est.
1212 1359 1334 1422 Adhuc

100 1449 191 1510 enim
217 1447 410 1532 plerumque
435 1467 479 1510 ex
502 1450 634 1530 impuris
652 1448 868 1530 posteriorum
884 1447 1029 1512 sontibus
1046 1449 1224 1512 hausimus.
1248 1449 1333 1510 Nam

99 1557 190 1619 quae
225 1539 256 1600 in
290 1537 526 1601 Demosthenis
556 1537 756 1601 orationibus
787 1537 828 1600 dc
859 1537 986 1600 arbitris
1017 1537 1156 1620 publicis
1184 1538 1332 1620 legimus,

97 1646 172 1689 mon
207 1627 365 1690 eiusmodi
388 1635 479 1702 sunt,
516 1636 552 1690 ut
586 1625 687 1689 multa
720 1625 795 1689 inde
829 1626 1025 1690 concludere
1060 1627 1233 1710 possimus
1280 1628 1334 1691 Ac

102 1735 206 1797 saepe
248 1717 381 1797 quidem
427 1717 459 1778 in
497 1718 717 1780 accusantium
754 1715 954 1779 orationibus
999 1715 1192 1778 arbitrorum
1227 1716 1334 1779 brevis

98 1805 231 1867 mentio
253 1805 290 1868 fit
313 1805 356 1867 ad
380 1803 550 1867 refutanda
573 1813 780 1888 argumenta,
813 1824 897 1886 quae
921 1824 1010 1868 reum
1036 1804 1235 1885 prolaturum
1260 1824 1333 1868 esse

98 1904 278 1958 accusator
300 1895 477 1957 existimat.
501 1893 665 1975 Exemplo
688 1895 730 1956 sit
753 1893 846 1959 locus
862 1893 1099 1957 Demosthenis
1123 1897 1181 1974 (or.
1206 1893 1249 1957 36
1273 1915 1332 1976 pro

105 1981 346 2069 Phorm.§18)
369 1985 458 2065 οἶμαι
480 1983 508 2046 δ’
516 1982 765 2065 Ἀπολλόδωρον
799 1984 931 2057 τουτονί,
957 1983 1051 2046 οὐδὲν
1074 1984 1185 2066 ἔχοντα
1211 1985 1334 2048 δίκαιον

98 2075 202 2136 εἰπεῖν
236 2073 308 2153 περὶ
333 2070 381 2136 ὧν
403 2067 536 2153 ἐγκαλεῖ,
573 2074 654 2154 ἅπερ
690 2071 779 2152 παρὰ
814 2076 862 2152 τῴ
894 2072 1036 2155 διαιτητῇ
1069 2073 1169 2154 λέγειν
1203 2073 1331 2156 ἐτόλμα,

101 2159 186 2225 ταῦτ’
212 2157 294 2243 ἕρεῖν
407 2159 559 2225 Similiter
582 2182 628 2230 or.
656 2161 696 2223 41
723 2161 810 2243 (adv.
835 2159 951 2246 Spud.)
974 2159 993 2245 ᾖ
1026 2161 1073 2230 12.
1088 2158 1195 2230 Ἴσως
1217 2163 1331 2236 τοίνυν,

99 2249 136 2314 α’)
160 2251 274 2333 ἄνδρες
298 2251 449 2324 δικασταί,
482 2251 565 2332 πρὸς
596 2251 657 2334 μὲν
679 2248 759 2313 ταῦτ’
794 2251 890 2314 οὐδὲν
914 2251 1036 2331 ἀντερεῖ
1055 2251 1231 2320 Σπουδίας.
1257 2251 1333 2314 οὐδὲ

105 2341 167 2423 γὰρ
191 2341 261 2416 ἕξει,
286 2345 402 2422 καίπερ
419 2340 521 2410 δεινὸς
544 2342 601 2404 ὤν.
627 2340 792 2404 αἰτιάσεται
816 2339 851 2401 δὲ
875 2337 1081 2403 Πολύευκτον
1105 2393 1113 2408 .
1139 2389 1146 2403 .
1172 2393 1179 2409 ,
1205 2388 1212 2401 .
1236 2346 1331 2403 ταῦτα

105 2430 167 2511 γὰρ
199 2431 252 2493 καὶ
288 2429 372 2511 πρὸς
401 2433 449 2512 τῴ
483 2430 622 2512 διαιτητῇ
657 2429 756 2507 λέγειν
791 2429 950 2510 ἐπεχείρει.
999 2427 1046 2490 Cs.
1081 2429 1178 2492 Dem.
1211 2447 1257 2493 or.
1291 2429 1331 2491 27

100 2518 194 2600 (adv.
219 2518 371 2602 Aphob)
395 2516 414 2604 ξ
438 2518 492 2596 49,
517 2517 539 2604 ξ
564 2517 616 2581 53.
664 2517 706 2579 Hi
741 2517 805 2580 loci
840 2518 1039 2581 documento
1063 2526 1145 2596 sunt,
1184 2516 1330 2600 logogra·

107 2609 194 2689 phos
225 2608 314 2670 velut
348 2608 497 2688 Lysiam,
537 2607 679 2686 Isaeum,
720 2606 979 2669 Demosthenem
1016 2607 1048 2668 in
1079 2607 1176 2669 rebus
1199 2608 1333 2688 privatis

107 2698 274 2760 orationes
299 2697 345 2759 eis
369 2697 651 2774 accommodasse,
688 2716 771 2778 quae
806 2715 879 2758 reus
916 2695 1006 2776 apud
1038 2695 1193 2758 arbitrum
1228 2696 1270 2757 ad
1295 2717 1331 2758 se

107 2785 347 2848 defendendum
371 2786 508 2851 dixerat.
532 2788 567 2848 ln
592 2784 688 2848 rebus
712 2794 821 2848 autem
845 2784 982 2865 publicis
1005 2805 1066 2866 pro
1090 2787 1219 2847 actione
1243 2786 1332 2866 apud

102 2875 261 2938 arbitrum
302 2876 464 2958 ἀνάκρισις
510 2875 602 2956 apud
641 2876 866 2955 magistratum
912 2873 1104 2937 adversariis
1142 2883 1333 2955 argumenta

106 2963 219 3043 dabat,
245 2984 329 3046 quae
352 2965 384 3026 in
407 2965 527 3027 iudicio
550 2963 772 3044 impugnanda
804 2971 837 3026 et
860 2959 1031 3025 refutanda
1054 2970 1154 3031 erant.
1202 2964 1332 3027 Eodem

106 3052 207 3114 modo
239 3055 281 3114 de
313 3054 461 3116 omnibus
493 3055 540 3117 eis
575 3052 656 3114 locis
680 3052 889 3114 iudicandum
914 3060 973 3130 est,
1006 3051 1060 3114 ubi
1092 3061 1264 3114 accusator
1287 3054 1332 3114 rei

106 3151 299 3222 argumenta
322 3144 495 3222 providere
519 3151 552 3206 et
576 3143 765 3223 praecipere
789 3142 926 3205 videtur.
959 3139 1025 3204 Sed
1049 3161 1124 3203 curn
1146 3162 1164 3202 e
1188 3140 1331 3222 plurimis

105 3231 340 3294 Demosthenis
363 3231 444 3294 locis
479 3230 555 3294 nihil
594 3231 653 3294 nisi
677 3230 803 3311 singula
827 3229 979 3311 colligere
1003 3230 1175 3310 possimus,
1202 3230 1332 3292 duobus

106 3319 184 3384 locis
209 3319 333 3402 effigies
369 3329 457 3384 certe
487 3321 602 3384 melior
635 3321 801 3382 actionum
825 3320 914 3400 apud
945 3318 1083 3381 arbitros
1107 3327 1251 3382 actarum
1276 3339 1331 3380 ex-

107 3410 269 3488 primitur:
309 3410 410 3478 inor.
437 3409 474 3471 21
503 3407 591 3494 (adv.
617 3406 707 3493 Mid.)
731 3407 750 3492 ξ
774 3406 906 3470 83-96
930 3417 963 3469 et
987 3427 1034 3476 or.
1060 3407 1103 3470 54
1126 3408 1212 3490 (adV.
1238 3406 1332 3489 Con.)

151 3639 172 3706 1)
191 3642 317 3691 Aristotle
343 3658 377 3691 on
403 3643 446 3691 the
466 3641 630 3690 constitution
657 3641 687 3690 of
713 3641 823 3702 Athens,
847 3640 934 3688 edited
955 3641 988 3702 by
1006 3640 1035 3694 F.
1049 3639 1081 3689 G.
1096 3641 1217 3701 Kenyou.
1238 3640 1331 3689 British

106 3713 406 3849 Muiiuffdvlessriiiiiorum
424 3783 537 3849 ipsorum
558 3799 637 3833 voces
657 3783 793 3832 nonnullas
812 3783 900 3831 afferre
920 3784 980 3830 satis
1000 3783 1061 3832 erit:

150 3856 232 3919 Riihl,
251 3855 344 3907 Rhein.
372 3856 436 3905 Mus.
463 3852 546 3906 XLVI
570 3855 765 3924 pulmo—464.
803 3855 858 3903 Der
885 3854 1073 3918 antiquarische
1092 3853 1149 3902 Teil
1182 3851 1277 3900 stimmt
1297 3853 1330 3900 im

105 3941 211 3989 grossen
240 3927 290 3974 und
318 3942 416 3989 ganzen
444 3925 488 3977 mit
515 3927 561 3973 der
590 3925 802 3988 Uberlieferung,
830 3925 899 3974 nicht
926 3926 988 3972 aber
1016 3925 1063 3972 der
1091 3924 1247 3974 historIsche
1275 3925 1331 3973 Teil

108 3993 312 4131 (P·C4a<l³1{l:‘>41){·at
331 4069 437 4119 Aristot.
458 4069 499 4117 die
519 4067 614 4117 schrift
632 4083 691 4116 vom
711 4066 799 4116 Staate
820 4067 866 4115 der
884 4067 997 4116 Athener
1015 4065 1201 4131 geschrieben?
1222 4062 1259 4132 (p.
1289 4065 1332 4130 76)

107 4139 222 4190 Sieheres
242 4139 344 4189 Wissen
372 4140 470 4188 enth'alt
498 4140 543 4188 der
562 4139 764 4202 systematische,
792 4138 874 4186 leider
893 4137 963 4186 stark
990 4139 1176 4188 verstttmmelte
1194 4138 1251 4186 Teil
1282 4137 1329 4184 der

106 4211 199 4260 Schriit
216 4213 242 4261 in
261 4211 320 4259 weit
339 4211 462 4260 hdherem
481 4211 566 4260 Messe
593 4211 629 4258 als
648 4212 695 4260 der
713 4210 874 4259 historische.
913 4211 963 4257 Wo
982 4210 1029 4258 der
1047 4209 1184 4258 VerIasser
1203 4209 1245 4256 dle
1265 4208 1332 4256 Ord-

107 4299 175 4364 nung
193 4284 240 4332 der
258 4283 342 4346 Dioge
362 4281 518 4342 beschreibt,
546 4281 586 4329 die
616 4297 646 4330 zu
673 4282 753 4330 seiner
773 4282 831 4330 Zeit
849 4281 967 4342 bestand,
998 4281 1116 4331 verdient
1134 4297 1161 4329 er
1180 4280 1330 4330 unbedenk·

106 4354 339 4476 hehsiiiiiiinbe
368 4425 467 4474 sancus
492 4423 517 4472 in
548 4424 645 4474 musa
673 4423 698 4471 <n
724 4423 840 4486 filologia
858 4423 914 4484 xx,
941 4439 967 4487 p.
990 4423 1037 4471 ιιι
1065 4438 1103 4486 sq.
1140 4421 1171 4472 cr.
1192 4421 1268 4481 aun,
1287 4422 1332 4470 aer

105 4496 372 4632 Ξὶαῖἓὲειῖῶὼραει
390 4497 442 4544 und
460 4495 519 4545 kein
540 4496 620 4546 Ende.
640 4493 725 4558 (Neue
735 4494 823 4556 Jahrb.
844 4495 882 4542 hir
893 4494 1037 4556 Philologie
1056 4493 1146 4542 XVIII
1166 4509 1191 4556 p.
1212 4493 1263 4542 673
1283 4492 1333 4557 sq.)

129 4607 133 4619 .
207 4607 213 4632 ,
288 4605 293 4617 .
