3240 5478
615 543 833 605 ,31-

97 724 337 788 Polemarchus
361 742 437 800 non,
469 731 504 784 ut
529 741 598 784 rem
623 729 806 801 acceperat,
838 720 907 783 sine
939 739 1031 782 mora
1061 739 1134 782 eam
1166 728 1255 782 sorte
1279 741 1339 800 pa-

97 834 224 895 ·gorum
247 811 409 875 iudicibus
433 811 569 874 alicuius
593 811 696 872 tribus
720 809 849 872 tradere
873 807 1009 886 solebat,
1035 809 1093 870 sed
1119 827 1183 890 quo
1207 811 1341 890 aequior

98 911 197 968 esset
219 901 363 983 partiti0,
387 900 493 962 donec
517 899 707 980 complures
730 917 849 960 causae
878 898 979 980 (certe
1003 897 1120 960 decem
1144 896 1197 958 vel
1221 896 1341 986 plures)

103 991 359 1068 cumularentur,
395 988 623 1069 exspectabat.
650 989 716 1050 Eas
747 988 779 1050 in
813 989 929 1050 decem
961 994 1072 1066 partes
1104 987 1220 1048 divisas
1252 995 1341 1052 sorte

100 1082 192 1144 inter
209 1087 386 1160 quaternos
403 1097 566 1158 pagorum
583 1077 707 1140 iudices
724 1077 950 1156 dispertiebat,
969 1075 1022 1156 qui
1039 1095 1153 1138 causas
1171 1077 1342 1140 mandatas

105 1191 177 1234 non
200 1169 263 1250 ipsi
286 1166 507 1242 instruebant,
540 1167 599 1228 sed
631 1166 760 1228 arbitris
791 1173 881 1227 sorte
904 1164 1088 1229 tradebant.
1121 1165 1194 1226 Hac
1217 1165 1343 1229 ratione

105 1259 228 1322 iudicia
252 1257 347 1319 nimis
370 1255 536 1318 retardata
561 1275 634 1318 esse
659 1255 820 1320 crederes,
854 1253 922 1316 Sed
946 1253 1093 1316 celeriter
1116 1262 1196 1334 puto
1220 1253 1343 1318 sactum

106 1367 195 1424 esse,
219 1354 254 1408 ut
279 1346 395 1408 decem
421 1364 542 1408 causae
566 1345 654 1424 apud
679 1343 925 1424 polemarchum
943 1343 1162 1419 convenirent,
1186 1343 1245 1404 nisi
1261 1343 1345 1407 forte

101 1435 257 1516 singulos
282 1435 353 1497 dies
375 1453 594 1497 numeramus
621 1432 717 1496 Sorte
741 1443 848 1496 autem
873 1451 955 1512 opus
973 1439 1052 1510 erat,
1077 1433 1166 1512 quod
1183 1434 1345 1514 peregrini

108 1526 255 1588 tribuum
272 1543 339 1586 non
356 1531 449 1586 erant
466 1523 653 1604 participes.
678 1523 763 1584 Nam
780 1521 897 1583 civium
914 1540 1030 1582 causas
1046 1541 1205 1601 pagorum
1222 1523 1347 1585 iudices

104 1617 182 1678 eius
205 1612 310 1674 tribus
333 1611 551 1692 accipiebant,
576 1613 665 1674 cuius
689 1630 763 1674 reus
788 1617 866 1673 erat.
892 1611 985 1672 Idem
1001 1617 1070 1671 tum
1087 1619 1250 1673 servatum
1274 1631 1348 1674 esse

110 1701 287 1768 verisimile
305 1709 365 1776 est,
383 1701 410 1764 si
428 1699 508 1762 alter
525 1700 718 1782 litigantium
735 1699 937 1781 peregrinus,
955 1717 1028 1761 reus
1046 1700 1124 1762 civis
1140 1709 1218 1776 erat,
1237 1721 1348 1781 quarn-

109 1811 213 1876 quam
227 1789 425 1852 Aristoteles
441 1788 506 1850 hoc
529 1791 698 1870 praeterit.
723 1787 789 1850 Sed
812 1788 900 1850 haud
923 1789 992 1848 scio
1009 1807 1049 1849 an
1066 1787 1138 1868 plus
1154 1791 1349 1854 sumendum

109 1884 168 1945 sit.
193 1881 350 1942 Fortasse
389 1879 486 1940 etiam
521 1879 547 1939 is
570 1880 772 1962 peregrinuS,
805 1879 859 1956 qui
882 1897 901 1937 a
924 1877 993 1938 cive
1017 1877 1242 1954 accusabatur,
1274 1887 1349 1942 ante

113 1969 238 2034 tribum
263 1966 375 2048 civis1)
399 1966 588 2042 vocabatur,
625 1969 736 2041 itaut,
777 1967 837 2028 nisi
868 1973 1003 2046 uterque
1034 1966 1228 2047 litigantium
1260 1988 1349 2048 pere-

109 2058 229 2140 grinus
254 2065 334 2132 erat,
358 2055 460 2118 tribus
483 2056 624 2118 iudicum
649 2075 714 2118 non
737 2061 825 2116 sorte
850 2055 954 2118 electa
978 2055 1029 2117 sit.

164 2145 231 2208 Sed
253 2145 429 2206 redeamus
462 2145 505 2205 ad
537 2144 677 2206 virorum
702 2144 874 2205 doctorum
906 2146 1081 2206 sententias
1105 2146 1350 2214 examinandas.

113 2236 269 2316 Quorum
295 2235 355 2297 etsi
380 2233 565 2313 complures
590 2234 763 2314 repudiata
786 2231 1030 2295 Hudtwalckeri
1066 2236 1227 2296 sententia
1251 2254 1350 2316 nega-

116 2333 245 2399 verunt,
278 2323 458 2402 peregrinis
489 2323 578 2402 apud
611 2324 767 2386 arbitrum
799 2330 923 2383 certare
947 2321 1086 2401 licuisse,
1117 2331 1226 2384 tamen
1251 2324 1352 2386 Meier

112 2414 165 2495 (p.
195 2410 245 2496 19)
276 2420 308 2472 et
339 2409 560 2496 Schomann2)
593 2419 684 2474 recto
709 2430 805 2474 sensu
838 2411 924 2472 ducti
956 2411 989 2472 id
1020 2421 1271 2490 concesserunt,
1304 2414 1351 2476 eis

113 2503 237 2578 causis,
262 2502 293 2562 in
319 2500 437 2581 quibus
469 2500 547 2562 civis
571 2501 777 2581 peregrinum
800 2499 988 2579 accusabat,
1020 2509 1056 2563 ut
1079 2501 1131 2563 ille
1154 2503 1353 2582 πρυτανείοις

118 2590 320 2667 liberaretur,
355 2589 440 2650 viam
472 2588 513 2649 ad
545 2589 686 2652 arbitros
717 2589 871 2670 patuisse.
905 2587 973 2652 Sed
1005 2589 1070 2650 hoc
1102 2610 1260 2651 concesso
1283 2599 1354 2654 tota

120 2679 284 2742 sententia
306 2676 502 2738 labefactata
533 2687 603 2742 erat
634 2687 668 2741 et
699 2677 827 2740 Hubert
851 2678 1047 2758 nequiquam
1079 2675 1154 2742 eam'
1184 2681 1355 2742 restituere

117 2775 262 2830 conatus
293 2775 353 2828 est.
388 2764 497 2846 Quam
529 2767 741 2847 pertinaciam
773 2785 981 2848 summopere
1012 2767 1120 2835 miror,
1160 2768 1245 2829 Nam
1270 2789 1355 2849 quae

118 2856 243 2920 Suidas
258 2876 284 2920 s
301 2877 330 2922 v.
348 2855 504 2938 διαιτητάς
520 2865 553 2918 et
572 2857 626 2917 lex
647 2855 745 2936 Segu.
762 2877 795 2936 p.
813 2855 887 2934 310,
907 2855 943 2916 17
961 2856 1127 2934 exhibent,
1145 2877 1243 2918 sensu
1260 2859 1355 2938 plane

125 2953 248 3021 carent,
273 2944 306 3005 id
331 2944 506 3024 quodiam
531 2945 765 3006 Hudtwalcker
781 2939 824 3025 (p.
838 2941 952 3030 ausit)
976 2954 1064 3008 recte
1089 2946 1355 3031 animadvertit3).

120 3035 194 3098 Sed
218 3033 319 3094 verba
342 3033 412 3112 ipsa
440 3033 726 3112 grammaticorum
755 3032 870 3096 afferre
895 3053 1016 3113 operae
1036 3035 1174 3115 pretium
1199 3044 1259 3100 est.

172 3121 290 3184 Suidas
310 3121 329 3184 l.
351 3141 378 3188 c,
390 3121 465 3190 τοὺς
477 3117 558 3202 ὑπὲρ
572 3126 766 3205 πεντήκοντα
787 3125 838 3206 ἔτη
852 3123 1017 3203 γεγονότας
1030 3159 1070 3167 -
1084 3123 1120 3185 τὰ
1136 3129 1202 3186 τῶν
1218 3125 1359 3186 πολιτῶν

123 3213 248 3276 διαιτᾶν
276 3210 417 3273 ἐποίουν.
451 3211 551 3286 ξένοις
565 3213 672 3292 μέντοι
689 3236 722 3292 γε
746 3211 798 3274 ἐπὶ
821 3218 914 3274 τοῦτο
939 3211 1043 3274 ἐλθεῖν
1067 3213 1105 3275 οὗ
1133 3213 1360 3296 συγκεχώρητυ

121 3299 272 3386 (τούτους
289 3299 327 3359 ci.
352 3299 651 3379 HemsterhuysiuS,
675 3299 806 3363 Hubert
830 3297 872 3386 (p.
887 3297 941 3384 35)
965 3321 1119 3364 assensus
1136 3299 1205 3387 est).

172 3388 254 3449 Lex.
284 3386 384 3468 Segu.
408 3387 428 3454 l.
447 3409 475 3455 e.
493 3391 524 3452 οἱ
547 3389 697 3472 διαιτηταὶ
721 3395 828 3452 πᾶσαν
858 3390 950 3472 δίκην
981 3389 1164 3468 δικάζουσιν
1189 3391 1272 3472 πλὴν
1294 3395 1360 3452 τῶν

114 3483 272 3554 Ιξενικῶν.

173 3564 219 3629 Cf.
245 3565 401 3627 adversus
425 3567 506 3626 haec
530 3566 670 3630 An’Arl.
687 3569 760 3630 πολ.
787 3567 1132 3644 58,3=P011.V111,
1156 3568 1177 3631 9
1202 3619 1208 3632 .
1233 3568 1360 3630 Aristo-

122 3655 200 3718 telis
223 3653 299 3716 loco
323 3663 515 3734 comparato
541 3657 612 3735 quis
637 3655 773 3735 dubitet,
801 3677 898 3738 quem
915 3656 1088 3737 sequatur?
1112 3657 1271 3720 Attamen
1295 3677 1360 3719 uon

124 3746 276 3825 ineptum
301 3751 353 3804 est
375 3763 549 3823 quaerere,
575 3745 690 3825 quibus
714 3746 755 3806 de
779 3746 885 3807 causis
909 3747 1107 3826 grammatici
1130 3755 1197 3808 tam
1221 3745 1318 3826 longe
1342 3766 1362 3807 a

125 3852 208 3894 vero
233 3832 462 3895 aberraverint.

174 3919 228 3982 Ac
252 3921 390 3999 primum
416 3921 558 4001 quidem,
592 3923 682 4003 quod
708 3923 848 3985 Huberti
873 3944 1035 3986 summum
1059 3932 1286 4003 argumentum
1311 3931 1363 3984 est

124 4008 174 4096 (p.
200 4008 265 4094 35),
291 4009 380 4088 apud
404 4019 551 4072 oratores
575 4010 661 4072 nulla
685 4032 783 4074 causa
807 4015 955 4091 occurrit,
980 4012 1034 4074 ubi
1058 4015 1248 4092 peregrinus
1272 4012 1362 4092 apud

127 4097 288 4160 arbitrum
312 4101 493 4166 certaverit.
518 4100 610 4161 ldem
634 4098 773 4163 fortasse
793 4109 920 4164 veteres
944 4101 1250 4166 animadverterunt.
1275 4102 1360 4163 Nam

128 4188 195 4249 etsi
219 4186 327 4266 plures
352 4189 515 4250 orationes
540 4209 637 4269 quam
661 4210 722 4252 nos
738 4189 930 4270 habuerunt,
954 4199 1063 4252 tamen
1080 4210 1234 4253 numerus
1250 4211 1362 4254 eorum

133 4331 295 4338 ..m-*—

169 4412 195 4482 1)
212 4415 228 4467 i.
249 4432 271 4468 e.
291 4433 417 4483 pagorum
436 4419 530 4479 iudices
549 4422 608 4470 civis
627 4419 704 4472 tribui
723 4421 874 4472 destinatos.

169 4483 193 4551 2)
212 4489 364 4552 Philologus
383 4491 405 4551 Ι,
423 4500 448 4555 pt
471 4491 528 4540 729.

133 4645 153 4695 p
170 4555 384 4682 {geassipsibsb
393 4561 493 4626 quidem
512 4562 551 4612 his
571 4563 720 4614 testimoniis
749 4565 854 4613 multum
873 4565 1029 4614 auctoritatis
1048 4565 1143 4614 tribuit.
1162 4567 1195 4617 D.
1216 4572 1258 4614 att.
1279 4563 1363 4615 Ρτοε.2
