3240 5478
803 561 1024 624 ...30-

297 741 485 809 ἀποδοῦναι.
511 737 630 825 αάτδςῙ)
654 740 814 820 δἐἶσάγει
830 739 921 808 δίκας
947 741 1002 809 τάς
1017 764 1048 802 τε
1068 745 1125 802 τοῦ
1142 739 1337 802 ἀποστασίου
1353 737 1406 799 καί
1423 737 1536 816 ἀπρο-

297 829 455 912 στασίουί)
479 829 532 892 καί
556 829 687 910 κλήρων
710 829 764 891 καί
789 829 974 912 ἐπικλήρων
996 835 1062 898 τοῖς
1083 829 1251 911 μετοίκοις,
1277 827 1331 890 καί
1354 826 1438 888 τᾶλλ’
1463 827 1535 888 ὅσα

296 926 362 989 τοῖς
385 918 526 987 πολίταις
549 919 704 999 ὁάρχων,
728 924 824 980 ταῦτα
848 924 913 986 τοῖς
934 917 1095 1000 μετοίκοις
1118 919 1136 979 ὁ
1161 917 1376 998 πολέμαρχος.

344 1008 451 1090 Quem
468 1007 575 1068 locum
588 1006 703 1068 Pollux
718 1005 855 1080 11Π1,91
874 1015 1066 1086 excerptum
1084 1016 1118 1068 et
1135 1005 1316 1068 mutilatum
1332 1011 1536 1074 servaverat,

299 1098 345 1160 ita
367 1105 402 1159 ut
424 1116 539 1158 sensus
562 1094 649 1157 nullo
673 1095 773 1156 modo
797 1105 886 1158 recte
910 1096 1065 1176 explicari
1089 1094 1247 1174 potuerit:
1274 1093 1366 1156 Δίκαι
1390 1087 1428 1156 δὲ
1443 1090 1538 1173 πρὸς

301 1186 399 1248 αὐτὸν
422 1187 629 1266 λαγχάνονται
652 1184 821 1266 μετοίκων,
847 1185 1006 1258 ἰσοτελῶν,
1039 1185 1218 1265 προξένων,
1250 1183 1304 1246 καί
1330 1183 1470 1264 διανέμει
1497 1180 1536 1244 td

298 1275 409 1356 λαχόν,
434 1274 550 1354 ἑκάστῃ
568 1273 655 1356 φυλῇ
670 1298 697 1336 τι
710 1275 820 1354 μέρος,
845 1273 880 1336 τδ
905 1275 966 1356 μέν
983 1273 1150 1356 διαιτηταῖς
1166 1272 1376 1353 παραδιδούς,
1394 1270 1538 1350 εἰσάγων

209 1381 212 1388 ‘
298 1365 336 1427 δὲ
360 1363 451 1432 δίκας
468 1362 675 1435 ἀποστασίου,
702 1362 928 1443 ἀπροστασίου,
954 1363 1094 1444 κλήροιν,
1119 1361 1286 1444 μετοίκων,

347 1453 431 1514 Nam
448 1451 617 1534 quomodo
642 1459 675 1512 et
699 1452 800 1533 palat
821 1451 841 1520 i.
866 1472 894 1515 e.
920 1471 1079 1532 pagorum
1110 1451 1234 1513 iudices
1257 1448 1451 1530 singularum
1479 1447 1540 1508 tri-

298 1542 403 1604 buum
428 1550 460 1602 et
484 1541 636 1622 διαιτηταί
668 1541 786 1603 eadem
818 1541 849 1602 in
881 1560 916 1602 re
948 1541 1236 1621 coniungerentur,
1272 1557 1407 1618 prorsus
1430 1556 1537 1599 nemo

298 1629 491 1710 intellegere
521 1637 663 1710 poterat.
701 1629 818 1710 Itaque
849 1630 990 1691 virorum
1023 1629 1196 1691 doctorum
1231 1628 1282 1690 alii
1307 1625 1401 1709 alia³l
1424 1625 1539 1687 conie-

297 1727 425 1794 eerunt,
451 1727 486 1780 ut
507 1719 615 1779 locum
638 1728 798 1781 sanarent.
826 1717 920 1798 Quae
937 1721 1053 1780 'omnia
1077 1717 1205 1780 Hubert
1228 1731 1273 1799 tp.
1299 1713 1353 1800 29)
1376 1715 1408 1776 in
1431 1734 1538 1776 unum

300 1808 449 1872 contulit.
489 1807 555 1870 Sed
586 1827 672 1868 nunc
694 1807 815 1870 inutilia
838 1817 871 1870 et
895 1807 1134 1887 praetereunda
1157 1816 1239 1874 sunt,
1275 1805 1414 1868 Pollucis
1445 1804 1538 1865 enirn

303 1897 394 1959 locus
417 1916 482 1957 non
507 1895 683 1958 scribarum
708 1898 836 1959 mendis
854 1904 1026 1977 corruptus
1043 1904 1120 1970 erat,
1146 1897 1206 1958 sed
1231 1903 1344 1957 auctor
1367 1894 1437 1973 ipse
1460 1911 1539 1954 rem

305 1985 479 2066 ignorabat
510 1985 653 2065 ideoque
684 2004 755 2046 eam
787 1985 973 2048 obscuravit
997 1993 1030 2048 et
1053 1985 1224 2066 implicuit,
1257 2004 1319 2045 nec
1352 1983 1541 2044 coniunctis

303 2075 446 2136 virorum
471 2073 644 2136 doctorum
668 2074 782 2136 studiis
806 2074 954 2155 contigit,
991 2083 1026 2136 ut
1050 2094 1164 2136 omnes
1188 2073 1376 2137 tollerentur
1401 2070 1540 2132 diliicul-

305 2173 402 2230 tates.
426 2163 530 2225 Immo
554 2183 659 2224 novae
680 2163 895 2226 cummulatae
915 2173 1005 2242 sunt,
1031 2184 1104 2226 cum
1121 2163 1260 2225 Pollucis
1276 2162 1383 2223 locum
1401 2161 1442 2222 ad
1458 2179 1540 2220 eam

306 2253 475 2330 rationem,
501 2271 584 2332 quae
619 2251 703 2314 inter
735 2252 838 2314 tribus
874 2261 907 2315 et
941 2253 1081 2314 arbitros
1116 2251 1339 2328 intercederet,
1372 2249 1541 2330 pertinere

307 2349 468 2423 putarent.
516 2339 617 2420 Quod
648 2341 853 2421 transpositis
885 2343 1015 2404 demum
1041 2342 1148 2416 verbis
1173 2341 1204 2402 in
1227 2340 1263 2403 τὸ
1283 2340 1344 2420 μὲν
1367 2339 1542 2419 διαιτηταῖς

308 2430 516 2511 παραδιδούς,
542 2430 658 2510 ἑκάστῃ
683 2431 771 2511 φυλῇ
793 2455 818 2492 τι
843 2431 945 2513 μέρος
969 2430 1084 2494 effecta
1103 2440 1163 2498 est.
1188 2429 1280 2492 Haec
1295 2428 1423 2490 Hubert
1445 2436 1541 2489 recte

300 2519 481 2599 redarguit,
506 2518 565 2580 sed
581 2519 613 2579 in
630 2539 670 2580 eo
687 2521 813 2596 erravit,
835 2519 925 2602 quod
942 2519 1079 2582 Pollucis
1096 2519 1196 2581 verba
1211 2517 1253 2579 ad
1267 2517 1357 2580 solos
1372 2535 1540 2597 pagorum

308 2608 432 2671 iudices
458 2607 596 2685 rettulit,
629 2607 824 2670 arbitrorum
854 2628 931 2670 vero
965 2628 1087 2670 nomen
1111 2608 1360 2688 interpolatione
1384 2607 1545 2668 insertum

309 2717 386 2760 esse
411 2696 546 2758 censuit.
572 2695 639 2758 Sed
663 2698 690 2758 si
713 2705 801 2758 recte
824 2697 1083 2778 interpretamur,
1109 2696 1305 2759 Aristoteles
1330 2696 1371 2756 de
1395 2693 1546 2776 utrisque

316 2787 402 2859 dicit,
427 2794 460 2847 et
483 2805 642 2865 pagorum
666 2785 827 2848 iudicibus
851 2794 884 2848 et
906 2786 1042 2861 arbitriS,
1079 2786 1197 2868 quibus
1220 2783 1448 2866 polemarchus
1474 2782 1546 2861 plu-

263 2871 270 2881 *
316 2875 412 2936 rimas
444 2894 560 2936 causas
591 2875 812 2955 aperegrinis
843 2884 996 2955 acceptas
1021 2875 1242 2937 diiudicandas
1265 2872 1427 2936 tradebat.
1464 2871 1546 2951 Ipse

316 2973 424 3026 autem
447 2963 613 3024 actionum
630 2964 837 3044 privatarum,
856 2985 936 3045 quas
952 2964 1039 3026 solas
1054 2963 1247 3044 accipiebat,
1273 2983 1338 3024 non
1355 2961 1428 3042 plus
1445 2969 1547 3041 quat·

314 3050 423 3133 tuor4)
447 3052 627 3115 instruebat
650 3061 683 3114 et
706 3054 748 3114 ad
772 3055 897 3114 iudices
913 3053 1098 3116 heliasticos
1114 3052 1248 3114 ferebat.
1274 3051 1408 3114 Ceteras
1425 3069 1546 3113 causas

314 3142 457 3222 privatas
482 3161 644 3221 pagorum
667 3142 828 3204 iudicibus
845 3143 1031 3218 mandabat,
1058 3144 1110 3223 qui
1127 3161 1177 3204 res
1193 3142 1293 3222 pluris
1310 3159 1408 3222 quam
1425 3139 1545 3199 decem

316 3230 481 3293 drachmis
505 3231 694 3292 aestimatas
718 3231 846 3292 arbitris
870 3231 1063 3293 iudicandas
1088 3239 1176 3292 sorte
1202 3225 1485 3310 distribuebant5).
1513 3226 1545 3289 Si

306 3329 424 3382 autem
448 3319 612 3399 litigantes
636 3319 769 3382 arbitrio
793 3340 859 3381 non
882 3319 1145 3400 acquiescebant,
1169 3319 1402 3401 provocatione
1425 3336 1478 3378 res
1503 3317 1546 3378 ad

315 3407 387 3470 illos
410 3407 548 3486 redibat,
573 3429 638 3469 non
661 3409 705 3470 ad
730 3408 983 3488 polemarchum,
1016 3408 1104 3490 quod
1128 3408 1236 3470 verbis
1260 3406 1423 3486 oppositis
1447 3405 1547 3474 αὐτὸς

316 3498 459 3578 δἐἶσάγει
491 3491 638 3560 efficitur.
685 3496 739 3559 Sic
774 3519 793 3559 a
824 3497 1036 3577 polemarcho
1068 3518 1127 3578 per
1157 3503 1316 3579 pagorum
1346 3495 1469 3557 iudices
1503 3495 1546 3556 ad

315 3587 454 3648 arbitros
470 3586 521 3646 via
536 3584 668 3660 ferebat,
685 3586 862 3668 longinqua
879 3586 932 3648 illa
948 3587 1080 3667 quidem
1095 3587 1165 3664 sed,
1183 3596 1218 3649 ut
1233 3584 1311 3648 infra
1327 3603 1546 3664 exponemus,

316 3675 463 3737 similiter
487 3683 519 3735 et
542 3676 573 3736 in
598 3674 665 3736 aliis
690 3676 796 3737 causis
820 3678 945 3739 usitata.

360 3762 427 3825 Sed
452 3763 638 3826 Aristotelis
672 3764 772 3826 verba
796 3765 997 3845 διανείμαντα
1024 3765 1100 3827 δέκα
1127 3765 1210 3846 μέρη
1234 3763 1270 3826 τὸ
1298 3761 1398 3842 λαχὸν
1426 3763 1546 3843 ἑκάστῃ

312 3857 352 3933 τῇ
375 3853 462 3934 φυλῇ
476 3853 577 3934 μέρος
599 3853 788 3934 προσθεῖναι
804 3855 1004 3915 accuratiore
1030 3853 1250 3934 explicatione
1267 3871 1365 3932 egere
1384 3851 1546 3919 videntur.

360 4065 379 4131 ¹)
399 4065 437 4116 Cs.
457 4068 537 4132 Harp.
557 4083 577 4120 s.
587 4083 609 4119 v.
628 4063 799 4131 πολέμαρχος.

352 4134 375 4201 2)
394 4137 530 4187 Actionem
544 4135 719 4201 ἀπροστασίου
733 4140 817 4188 adhuc
830 4138 960 4204 publicam
973 4140 1096 4190 duximus.
1117 4139 1155 4189 Cf.
1173 4140 1207 4188 D.
1224 4145 1268 4192 att.
1282 4135 1370 4190 Ρτοο.2
1397 4155 1423 4204 p.
1442 4138 1494 4186 388
1509 4153 1546 4202 sq.

316 4209 470 4257 Aristoteles
490 4225 545 4256 eam
559 4210 624 4259 iuter
642 4211 753 4274 privatas
772 4218 911 4260 enumerat.

353 4275 371 4342 ³)
392 4279 576 4329 Hudtwalcker
594 4297 620 4345 p.
632 4281 679 4339 69;
698 4282 779 4330 Meier
792 4300 817 4347 p.
832 4283 875 4342 18,
889 4282 931 4340 193
951 4283 1095 4331 Schbmann
1109 4281 1258 4344 Philologus
1272 4281 1329 4346 I,p.
1344 4280 1403 4336 729;
1413 4277 1547 4344 (Schenkl,

317 4351 421 4399 Wiener
440 4350 543 4400 Studien
563 4351 595 4412 11,
614 4368 643 4417 p.
663 4352 715 4401 214
736 4351 783 4416 sq).

354 4419 375 4483 ⁴)
396 4437 431 4470 sc.
450 4418 616 4482 ἀποστασίου,
635 4419 820 4485 ἀπροστασίου,
839 4421 956 4488 κλήρων,
976 4420 1137 4488 ἐπικλήρων.

352 4491 373 4556 ⁵)
394 4491 433 4542 Cf.
453 4493 564 4543 Darestii
583 4495 689 4544 eandem
709 4494 949 4559 interpretationem
968 4496 994 4544 in
1010 4495 1123 4546 Seances
1142 4502 1169 4544 et
1188 4503 1252 4544 trav.
1268 4495 1299 4544 de
1320 4493 1410 4546 laod.
1431 4508 1467 4543 sc.
1482 4509 1548 4544 mor.

311 4570 345 4612 -et
364 4564 418 4627 pol.
437 4581 462 4629 p.
483 4565 534 4613 353
554 4563 644 4629 (1891,
662 4565 697 4616 II.
718 4564 799 4631 Sem).
