3240 5478
636 521 855 592 ..AO-.-

125 702 281 785 paulatim
307 725 452 768 crescere
477 715 509 769 et
534 707 644 786 augeri
668 705 825 785 videmus,
849 705 1041 769 arbitrorum
1066 727 1181 769 munus
1205 705 1247 768 ab
1267 703 1354 770 initio

124 795 211 856 idern
237 797 394 858 mansisse
418 792 629 877 putabimus?
653 796 757 858 immo
781 795 942 876 gradatim
967 804 1097 858 auctum
1123 816 1195 858 esse
1219 817 1355 858 consen-

125 894 257 946 taneum
282 893 344 948 est.
1219 954 1222 960 ,

169 975 275 1037 Primo
300 974 384 1036 enim
401 974 512 1036 arbitri
536 994 588 1036 res
604 972 699 1044 XXX
715 973 855 1036 virorum
872 974 968 1048 solaS,
994 974 1150 1053 paulatim
1168 983 1201 1036 et
1217 974 1352 1036 aliorum

126 1065 373 1145 magistratuum
408 1063 481 1145 (per
504 1062 601 1126 XXX
625 1063 722 1144 viros)
758 1071 973 1143 acceperunt;
1006 1063 1147 1125 Euclidis
1171 1084 1256 1130 anno
1281 1063 1355 1144 lege

126 1155 248 1214 iussum
274 1162 333 1231 est,
360 1153 449 1234 quod
474 1160 570 1214 antea
594 1153 786 1232 permissum
810 1161 889 1215 erat.

172 1241 239 1304 Sed
264 1241 313 1302 his
338 1242 488 1304 omnibus
514 1241 709 1302 coniecturis
732 1243 775 1302 ad
799 1250 959 1320 tempora,
996 1241 1111 1321 quibus
1135 1241 1245 1303 arbitri
1270 1243 1355 1303 insti·

126 1332 184 1393 tuti
216 1333 289 1408 sint,
323 1331 508 1393 definienda
539 1329 617 1392 nihil
648 1326 858 1412 profecimus,
896 1331 956 1392 nisi
988 1339 1022 1391 ut
1054 1339 1220 1394 extremos
1244 1349 1355 1392 eorum

127 1421 207 1482 fines
231 1420 422 1504 (loa-403
447 1440 476 1486 a.
495 1419 569 1485 Chr.
587 1417 630 1505 n.)
655 1439 859 1501 poneremus,

171 1509 219 1570 At
242 1508 378 1570 sortasse
394 1509 466 1589 plus
483 1529 702 1590 assequemur,
721 1509 747 1569 si
764 1508 1057 1594 deliberaverimus²
1076 1509 1152 1590 quid
1168 1517 1356 1588 spectantes

126 1598 348 1660 Athenienses
373 1597 503 1678 publica
526 1598 657 1660 arbitria
681 1598 881 1660 instituerint.

171 1687 222 1748 Ac
247 1689 384 1767 primum
403 1687 536 1768 quidem
558 1686 809 1766 magistratibus
835 1687 992 1768 imprimis
1009 1707 1167 1770 pagorum
1185 1687 1354 1762 iudicibus

127 1797 246 1856 magna
273 1797 347 1856 pars
372 1777 459 1836 nimii
494 1777 600 1839 oneris
631 1776 765 1837 anacrisi
799 1777 840 1836 ab
864 1776 984 1837 arbitro
1009 1784 1165 1856 suscepta
1189 1776 1356 1838 sublevata

126 1875 185 1934 est,
211 1867 295 1927 Tum
320 1867 443 1927 minore
467 1865 555 1926 ciues
579 1865 717 1944 pecunia
741 1865 905 1946 insumpta
928 1866 977 1927 ius
1002 1865 1060 1926 sibi
1080 1885 1271 1944 comparare
1296 1887 1355 1946 po·

124 1963 242 2028 terant,
268 1975 341 2016 cum
366 1955 563 2035 πρυτανείοις
587 1955 730 2015 remissis
754 1954 825 2014 sola
849 1955 1045 2035 παράστασις
1067 1952 1095 2040 (l
1117 1951 1284 2037 drachma)
1308 1956 1354 2016 eis

126 2044 283 2105 solvenda
308 2053 394 2104 esset
404 2041 436 2128 1),
484 2043 586 2104 Adde
611 2043 700 2124 quod
724 2043 872 2122 ingentes
896 2045 940 2104 r'ei
965 2043 1115 2123 publicae
1140 2052 1289 2123 sumptus
1313 2044 1357 2105 ad

126 2133 351 2194 constituenda
367 2133 484 2193 iudicia
501 2131 665 2192 heliastica
681 2133 916 2194 minuebantur.
955 2131 1021 2194 Sed
1046 2132 1128 2194 haec
1153 2133 1357 2212 exspectatio

126 2231 276 2284 auctores
300 2220 382 2300 legis
406 2220 526 2284 fefellit.
571 2221 656 2282 Nam
684 2221 884 2300 provocandi
911 2243 987 2284 usus
1012 2223 1042 2283 in
1068 2222 1138 2283 dies
1162 2221 1356 2301 percrebuit,

127 2332 188 2372 nec
211 2310 303 2372 facile
327 2319 462 2392 uterque
486 2309 677 2390 litigantium
700 2311 860 2372 sententia
883 2311 992 2372 arbitri
1017 2319 1189 2372 contentus
1213 2320 1292 2378 erat.

173 2401 264 2461 Haec
297 2401 405 2460 omnia
429 2399 472 2460 ad
498 2399 655 2460 eiusmodi
688 2407 838 2478 tempora
862 2399 1023 2481 quadrare
1047 2400 1208 2482 uidentur,
1241 2399 1357 2480 quibus

127 2490 271 2569 litigandi
295 2489 457 2568 cupiditas
482 2488 611 2568 publice
636 2497 793 2567 provecta
809 2488 903 2548 etiam
922 2491 1008 2570 apud
1026 2486 1207 2551 inferiorern
1226 2488 1357 2569 plebem

128 2579 308 2656 crescebat,
333 2598 405 2638 curn
424 2598 506 2657 opes
522 2586 555 2639 et
571 2579 687 2638 ciuium
712 2587 745 2640 et
761 2577 806 2636 rei
825 2577 974 2658 publicae
991 2578 1110 2638 sensim
1129 2576 1355 2644 dilaberentur,

127 2669 176 2728 Ea
199 2677 351 2747 tempora
375 2666 519 2746 fuerunt,
551 2687 624 2726 cum
656 2667 779 2730 Pericle
806 2674 934 2728 mortuo
960 2667 1072 2746 populi
1098 2667 1277 2728 dominatio
1302 2667 1355 2727 de-

128 2756 306 2836 generabat
323 2763 356 2816 et
378 2755 463 2817 bello
480 2755 761 2834 Peloponnesiaco
779 2755 906 2816 divitiae
924 2755 1173 2816 Atheniensium
1190 2757 1357 2818 exhaurie-

128 2848 254 2908 bantur.
303 2845 362 2906 His
386 2845 599 2924 temporibus
632 2854 710 2924 post
733 2843 863 2905 Periclis
897 2853 1035 2906 mortem
1067 2855 1099 2906 et
1132 2853 1207 2906 ante
1240 2863 1355 2924 pacem

128 2935 297 3014 Lysandri,
323 2933 461 2995 arbitros
485 2935 650 2996 institutos
675 2953 746 2994 esse
771 2934 961 3012 putaverim.

174 3023 316 3104 Quando
348 3033 455 3084 autem
488 3024 676 3084 evanuerint
707 3043 725 3083 e
756 3022 819 3090 lex,
846 3021 939 3090 Cant.
966 3022 1162 3084 concludere
1186 3022 1269 3083 licet.
1306 3022 1352 3084 Ibi

129 3114 214 3176 enirn
240 3134 265 3175 s,
283 3133 312 3178 v.
336 3114 382 3194 μὴ
408 3112 487 3174 οὖσα
512 3113 583 3194 δίκη
610 3111 655 3191 (p.
673 3111 750 3193 673)
775 3120 809 3172 et
832 3110 893 3172 alia
916 3121 949 3174 et
973 3111 1054 3172 haec
1090 3110 1256 3191 leguntur:
1290 3110 1354 3174 κατ’

129 3203 233 3269 ἐνίους
256 3201 290 3262 δὲ
315 3203 332 3282 ἡ
358 3202 511 3283 ἀντίληξίς
534 3204 623 3272 ἐστιν,
649 3203 714 3280 ὅτῳ
738 3202 910 3281 ἀντιλαχεῖν
934 3203 1015 3282 ἐξῆν.
1042 3201 1096 3263 καὶ
1108 3201 1314 3282 μετέγραψαν
1339 3205 1357 3282 ἢ

129 3293 213 3360 ὅλαις
230 3292 346 3352 ἐκτῶν
363 3291 467 3371 λόγων
492 3291 625 3358 ἀνεῖλον.
656 3292 770 3352 τούτου
794 3289 829 3350 δὲ
853 3291 949 3352 ἀίτιον
974 3293 1065 3372 ἡταῦ
1089 3291 1186 3358 ἔθους
1209 3290 1356 3369 ἔκλειψις,

129 3383 280 3463 ἀνῄρηται
326 3381 385 3461 γὰρ
409 3379 489 3462 μετὰ
512 3386 577 3441 τῶν
602 3381 768 3462 διαιτητῶν
799 3381 818 3460 ἡ
851 3379 1013 3462 ἀντίληξις.
1061 3379 1158 3440 Hunc
1193 3377 1300 3440 locum
1325 3387 1358 3438 et

129 3472 229 3532 Nleier
252 3469 294 3549 (p,
318 3470 373 3553 29)
397 3477 430 3529 et
454 3468 582 3530 Hubert
605 3467 646 3553 (p.
668 3466 720 3553 57)
745 3471 788 3529 ita
812 3468 1010 3548 interpretati
1034 3477 1123 3544 sunt,
1160 3476 1195 3527 ut
1218 3466 1357 3528 arbitros

129 3580 195 3620 non
218 3559 319 3619 multo
351 3566 428 3638 post
459 3557 543 3620 illam
575 3557 822 3618 clarissimorum
856 3566 1019 3619 oratorum
1051 3565 1190 3618 aetatem
1216 3556 1357 3617 abolitos

129 3668 202 3710 esse
227 3647 384 3710 dicerent.
425 3648 627 3708 Postremum
660 3647 700 3708 de
732 3647 859 3708 arbitris
890 3647 1111 3709 testimonium
1149 3666 1166 3705 e
1199 3645 1356 3706 Demetrii

129 3737 276 3797 Phalerei
301 3736 502 3816 temporibus
527 3737 556 3797 in
581 3735 646 3802 lex.
672 3735 763 3798 Cant.
789 3737 807 3802 l,
833 3755 861 3800 c.
888 3735 981 3796 nobis
1005 3743 1168 3796 servatum
1193 3744 1252 3797 est.

175 3825 267 3884 Haec
292 3827 333 3888 de
358 3826 484 3886 arbitris
509 3825 758 3888 Atheniensium
782 3825 920 3905 publicis
946 3825 1085 3886 dicenda
1109 3824 1242 3909 putaui.
1264 3822 1357 3902 Quae

130 3917 157 3976 si
181 3935 246 3974 non
270 3913 373 3975 solum
399 3935 483 3974 noua
504 3915 564 3976 sed
589 3915 684 3976 etiam
710 3934 785 3975 uera
809 3934 882 3975 esse
898 3913 1101 3988 videbuntur,
1127 3913 1158 3974 id
1175 3913 1251 3974 mihi
1274 3933 1358 3974 surn-

135 4025 222 4065 mum
247 4003 367 4065 laboris
391 4005 570 4082 praemium
594 4013 676 4067 esto,

169 4197 190 4266 ¹)
210 4200 250 4252 Cf.
263 4201 391 4248 Thumser
410 4217 434 4264 p.
448 4200 509 4253 591.
