3240 5478
795 625 1015 687 ..22-

285 800 364 862 moti
389 801 582 864 arbitrorum
607 823 733 875 munus,
770 805 821 865 cui
845 811 954 865 aetate
978 803 1130 866 destinati
1154 814 1255 880 erant,
1289 805 1368 866 inire
1393 803 1517 866 dubitas

285 897 358 950 rent
382 898 415 952 et
439 893 668 953 excusationes
700 891 871 971 fingerent,
896 901 930 954 ut
961 892 1124 954 iudicandi
1156 892 1265 954 oflicio
1296 893 1516 960 liberarentur.

288 976 399 1058 Quare
422 999 496 1041 cum
531 981 641 1060 inopia
667 979 860 1042 arbitrorum
885 983 1059 1043 exsisteret
1083 991 1116 1044 et
1139 983 1388 1062 magistratuum
1411 981 1520 1044 oflicia

287 1067 529 1148 impedirentur,
553 1069 609 1130 lex
625 1068 677 1131 illa
693 1069 757 1130 lata
774 1079 833 1148 est,
858 1090 921 1151 qua
938 1090 1053 1132 omnes
1068 1071 1298 1134 excusationes
1322 1091 1388 1133 non
1412 1071 1518 1134 irritae

287 1156 392 1219 solum
416 1156 548 1233 fiebant,
572 1159 632 1218 sed
654 1159 857 1220 severissime
881 1159 1107 1239 puniebantur.
1147 1159 1247 1240 Quod
1271 1180 1343 1222 raro
1366 1160 1418 1223 vel
1441 1181 1515 1222 nun-

288 1264 385 1326 quam
409 1245 530 1307 iactum
555 1265 626 1308 esse
651 1256 906 1310 consentaneum
931 1256 992 1310 est.
1041 1247 1096 1308 An
1121 1248 1194 1329 quis
1218 1257 1285 1310 tam
1309 1248 1425 1312 stultus
1448 1247 1515 1328 fuit,

288 1341 322 1397 ut
331 1333 576 1414 talempoenam
587 1335 647 1396 sibi
661 1336 825 1416 irrogaret,
836 1357 913 1398 cum
924 1336 1135 1399 oboediendo
1147 1337 1296 1400 facillime
1310 1357 1383 1398 earn
1396 1337 1520 1400 evitare

287 1422 422 1503 posset?
446 1422 566 1486 Severa
588 1423 640 1486 illa
664 1425 796 1505 quidem
821 1425 875 1488 lex
892 1433 971 1501 erat,
995 1426 1053 1487 sed
1074 1446 1134 1486 nec
1151 1426 1288 1488 crudelis
1312 1445 1373 1488 nec
1389 1427 1515 1489 iniusta.

334 1510 521 1591 Quaeritur,
554 1533 619 1594 qua
648 1514 773 1576 ratione
803 1513 855 1576 illa
891 1515 1007 1595 capitis
1039 1514 1215 1577 deminutio
1247 1525 1318 1578 rata
1346 1514 1431 1577 facta
1462 1517 1515 1582 sit.

290 1599 365 1663 Sine
383 1601 482 1664 dubio
505 1603 578 1684 ipso
594 1602 661 1664 iure
683 1603 792 1683 valuit,
810 1603 1004 1684 simulatque
1021 1603 1141 1665 arbiter
1156 1613 1244 1667 sorte
1261 1613 1389 1666 creatus
1406 1624 1518 1666 coram

287 1689 426 1752 testibus
450 1692 482 1752 in
505 1691 689 1754 recusando
712 1692 897 1774 permansit.

867 1891 889 1972 ἓ
915 1885 960 1970 7·.

393 2037 456 2113 De
492 2037 706 2140 εἰσαγγελίᾳ
750 2047 792 2114 et
828 2041 878 2114 de
920 2025 1100 2121 εὐθύναις
1129 2041 1389 2118 arbitrorum.

337 2207 412 2268 Non
426 2207 530 2270 solum
545 2228 603 2270 eos
627 2208 777 2290 arbitros,
802 2209 855 2290 qui
873 2229 1003 2271 causam
1020 2217 1108 2270 sorte
1126 2210 1314 2271 mandatam
1331 2209 1520 2291 disceptare

290 2295 470 2372 noluerunt,
495 2297 610 2377 capitis
623 2297 843 2360 deminutione
867 2300 997 2378 punitos
1021 2317 1104 2372 esse,
1129 2297 1193 2359 sed
1213 2299 1351 2362 eandem
1375 2317 1515 2379 poenam

289 2386 443 2448 adversus
456 2385 625 2465 improbos
645 2386 785 2448 arbitros
805 2389 942 2464 actione,
963 2407 1048 2468 quae
1068 2387 1238 2468 εἰσαγγελία
1259 2387 1443 2467 vocabatur,
1458 2389 1517 2449 im-

290 2475 408 2554 petrari
422 2475 569 2556 potuisse
582 2495 681 2555 supra
693 2478 1029 2538 commemoravimus
1063 2475 1158 2556 Quae
1177 2495 1230 2538 res
1242 2475 1361 2537 nullam
1380 2475 1519 2538 haberet

291 2562 523 2640 difficultatem,
534 2564 594 2625 nisi
611 2584 684 2625 curn
697 2566 887 2645 quaestione
898 2565 940 2626 de
951 2565 1102 2633 εὐθύναις
1110 2565 1303 2627 arbitrorum
1316 2564 1516 2627 cohaereret.

291 2651 347 2713 Ab
371 2651 560 2714 Aristotelis
584 2673 656 2733 cap.
682 2653 754 2715 LIII
778 2651 796 2738 ξ
821 2653 842 2715 6
866 2654 1113 2736 argumentandi
1137 2655 1259 2716 initium
1283 2650 1450 2722 faciamus.

327 2737 422 2803 Ἒστι
438 2741 473 2802 δὲ
489 2742 543 2803 καὶ
567 2742 771 2822 εἰσαγγέλλειν
790 2745 833 2812 εἰς
848 2743 922 2811 τοὺς
948 2742 1142 2825 διαιτητάςδ),
1167 2744 1222 2806 ε’άν
1236 2767 1281 2812 τις
1297 2743 1438 2826 ἀδικηδῇ
1453 2742 1520 2805 ὑπὸ

291 2835 346 2891 τοῦ
364 2829 529 2912 διαιτητοῦ,
546 2831 606 2892 κᾶν
628 2855 710 2900 τινος
726 2837 934 2913 καταγνῶσιν,
955 2833 1146 2912 ἀτιμοῦσθαι
1170 2832 1351 2895 κελεύουσιν
1368 2834 1398 2894 οἰ
1412 2831 1517 2914 νόμοι.

291 2918 398 3000 ἔφεσις
413 2917 505 2981 δ’ἕστλ
522 2920 575 2981 καὶ
591 2921 721 2988 τούτοις.
741 2920 936 2983 Aristoteles
952 2922 1047 3000 igitur
1058 2919 1212 2982 arbitrum
1229 2920 1413 3001 improbum
1430 2921 1520 3001 apud

290 3006 429 3069 arbitros
464 3008 606 3069 accusari
642 3008 785 3084 licuisse,
821 3010 936 3091 capitis
973 3010 1230 3072 deminutionem
1254 3029 1396 3090 poenam
1419 3008 1520 3072 fuisse

292 3094 406 3176 dicit.2)
437 3096 529 3158 Haec
553 3096 652 3160 verba
685 3099 791 3178 primo
826 3100 959 3179 quidem
992 3097 1133 3160 diflicilia
1156 3098 1307 3162 videntur
1336 3099 1396 3161 sed
1420 3118 1521 3179 expe-

291 3183 359 3246 dita
384 3183 471 3263 fient,
496 3186 639 3262 simulac,
679 3207 762 3267 quae
787 3187 898 3267 Bergk
923 3187 964 3249 de
990 3188 1162 3269 εἰσαγγελίᾳ
1187 3196 1221 3248 et
1248 3189 1289 3250 de
1324 3187 1520 3250 arbitrorum

291 3272 431 3353 collegio
448 3275 632 3348 coniecerit,
658 3295 854 3356 exposuero
880 3276 1148 3356 Harpocrationis
1171 3278 1257 3338 enim
1280 3276 1412 3340 lexicon
1435 3297 1461 3344 s.
1485 3298 1514 3343 ν.

291 3363 461 3443 εἰσαγγελία
486 3362 675 3425 Aristotelis
698 3364 798 3427 verba
822 3366 868 3427 sic
893 3365 1071 3445 depravata
1094 3374 1288 3428 servaverat:
1314 3366 1391 3449 ἄλλη
1416 3367 1519 3446 εἰσαγ-

292 3451 376 3532 γελία
400 3451 480 3514 κατὰ
510 3457 575 3514 τῶν
591 3453 775 3537 διαιτητῶν·
800 3455 828 3516 εἰ
848 3455 908 3536 γάρ
932 3478 976 3523 τις
991 3454 1056 3516 ὑπὸ
1071 3455 1228 3538 διαιτητοῦ
1245 3455 1422 3538 ἀδικηδείη,
1444 3449 1520 3537 ἐξῆν

290 3546 402 3602 τοῦτον
425 3541 627 3621 εἰσαγγέλλειν
651 3541 734 3624 πρὸς
756 3543 831 3611 τοὺς
854 3542 1058 3612 δικαστὰς
1080 3545 1134 3606 καὶ
1159 3543 1256 3612 ἁλοὺς
1272 3547 1432 3626 ι’γτιμοίιιο.
1456 3545 1517 3606 Ρτο

291 3629 441 3698 δικαστὰς
460 3627 597 3713 Bergkss)
622 3631 779 3714 διαιτητὰς
802 3632 950 3710 coniecit,
976 3652 1074 3712 quam
1095 3633 1316 3695 coniecturam
1330 3632 1369 3693 R.
1380 3629 1522 3716 Scholl)

291 3737 468 3798 aggressus
485 3727 544 3793 est,
570 3719 597 3780 F
599 3718 736 3805 rankel⁵l
762 3717 947 3805 defenditss).
972 3721 1066 3782 Nunc
1083 3740 1122 3783 ea
1137 3721 1323 3784 coniectura
1339 3720 1516 3784 Aristotele

291 3815 424 3868 auctore
460 3807 723 3887 splendidissime
747 3809 990 3890 comprobatur.
1033 3809 1115 3880 Τοὺς
1151 3811 1307 3894 διαιτητάς
1330 3810 1440 3891 Bergk
1475 3810 1520 3870 ad

292 3894 464 3977 collegium
486 3897 678 3958 arbitrorum
691 3897 936 3978 inscriptionum
960 3900 1146 3960 testimonio
1160 3899 1385 3961 confirmatum
1399 3900 1443 3961 ita
1456 3907 1514 3960 ret-

326 4053 350 4121 1)
369 4057 481 4119 Kenyon
507 4072 538 4105 ex
563 4057 644 4120 Hurp.
663 4073 712 4123 pro
738 4055 869 4123 διαιτητὰς
892 4054 1016 4114 δικαστὰς
1035 4059 1101 4108 salso
1128 4060 1263 4125 supplevit,
1281 4060 1339 4124 quia
1357 4076 1415 4111 mss.
1434 4059 1516 4109 lectio

291 4143 368 4176 sensu
382 4127 406 4175 ei
416 4143 504 4176 carere
515 4128 654 4190 videbatur,
676 4130 702 4178 id
721 4130 791 4194 quod
804 4137 829 4179 et
844 4130 1042 4194 Harpocrationi
1057 4130 1182 4180 accidisse
1193 4132 1334 4196 putandum
1348 4139 1393 4181 est.
1413 4131 1510 4180 Hardie

289 4195 383 4264 (Class.
391 4199 495 4248 Review
505 4199 539 4260 V,
550 4199 576 4252 4.
586 4216 611 4264 p.
631 4197 700 4266 164.)
718 4202 951 4266 Harpocrationem
962 4200 1063 4266 (eodem
1083 4218 1134 4266 quo
1145 4203 1247 4251 Hubert
1266 4208 1428 4266 argumento,
1437 4219 1463 4268 p.
1483 4201 1519 4250 54

291 4270 350 4320 adn.
366 4269 393 4334 2)
411 4269 501 4319 iniuria
520 4271 641 4333 defendit,
661 4274 814 4334 Kenyonem
834 4273 887 4320 iure
907 4273 1046 4337 vituperat.

325 4337 349 4404 2)
369 4340 408 4391 cf.
429 4342 515 4390 Busolt
534 4358 559 4404 p.
579 4342 640 4404 271,
657 4343 786 4392 Thumser
803 4359 830 4406 p.
853 4344 914 4404 538,
933 4345 991 4394 adn.
1013 4344 1035 4395 l.

327 4409 349 4476 ⁸)
368 4412 465 4462 Z.l.d.
481 4414 513 4462 A.
528 4413 568 4465 W.
586 4413 660 4476 1849,
680 4432 706 4478 p.
722 4415 784 4463 275.

326 4481 346 4545 ⁴)
366 4485 407 4532 De
425 4485 557 4548 synegoris
577 4485 631 4536 Att.
652 4486 830 4534 commentatio
849 4503 873 4550 p.
898 4486 936 4535 lo.

326 4551 347 4619 ³)
366 4555 416 4602 Die
436 4561 480 4605 att.
501 4555 801 4620 Geschwornengerichte
819 4572 844 4620 p.
861 4556 928 4606 73'r.

326 4623 349 4690 ⁶)
368 4626 407 4676 Cl.
422 4627 456 4677 D.
470 4633 512 4676 att.
525 4623 646 4676 Process¹
665 4645 689 4692 p.
705 4628 765 4687 334,
784 4629 841 4677 adu.
856 4628 916 4679 382.
