3240 5478
659 519 858 581 „7-

138 690 195 757 Sic
230 693 316 755 enim
351 700 384 754 et
417 699 563 755 veterum
593 711 671 754 usus
694 690 848 776 loquendi
858 686 882 778 1)
912 698 946 754 et
975 711 1028 754 res
1059 692 1133 772 ipsa
1163 692 1278 756 melius
1309 713 1353 757 ex

136 781 295 862 primitur.

184 869 273 951 Quid
297 879 407 933 autem
430 871 515 932 inter
535 869 675 932 arbitros
690 870 835 950 privatos
850 877 884 932 et
899 869 1048 948 publicos
1064 869 1246 948 interesset,
1264 871 1367 935 Meier

136 955 182 1044 (p.
207 959 228 1022 3
251 960 316 1042 sq.)
340 957 503 1027 disseruit.
550 957 675 1021 Arbitri
710 957 867 1039 privati
902 959 1140 1039 compromisso
1172 959 1365 1041 litigantium

136 1047 341 1126 creabantur,
364 1047 556 1130 plerumque
585 1047 780 1128 complures
805 1066 942 1131 quorum
965 1046 1116 1110 iudicium
1139 1049 1227 1112 nulla
1250 1069 1367 1131 provo·

135 1138 265 1200 catione
298 1135 366 1200 tolli
397 1145 538 1218 poterat.
585 1137 662 1200 Non
697 1135 804 1200 solum
828 1135 916 1199 cives
938 1135 1160 1200 Athenienses
1183 1138 1244 1201 sed
1260 1139 1365 1202 etiam

134 1227 297 1308 peregrini
333 1245 374 1287 eo
409 1228 544 1288 munere
567 1225 797 1306 fungebantur,
831 1243 892 1287 nec
923 1225 988 1288 ullo
1019 1226 1152 1289 rationis
1175 1227 1366 1293 reddendae

135 1311 251 1378 officio
280 1314 476 1380 tenebantur
485 1313 519 1401 2).
574 1315 702 1378 Arbitri
738 1312 905 1394 publici
938 1314 1137 1395 litigantibus
1170 1335 1230 1397 per
1264 1317 1366 1400 magi·

134 1411 255 1468 stratus
279 1424 297 1466 e
321 1403 445 1467 civibus
478 1412 588 1467 certae
620 1403 788 1466 cuiusdam
820 1405 937 1466 aetatis
969 1412 1057 1466 sorte
1081 1403 1251 1480 dabantur,
1283 1425 1366 1470 unus

133 1493 167 1556 in
201 1511 395 1574 unaquaque
419 1511 534 1569 causa3
570 1493 613 1556 ab
638 1511 749 1556 eorum
774 1493 935 1555 sententia
958 1493 1000 1554 ad
1023 1493 1148 1556 iudices
1178 1493 1366 1558 heliasticos

133 1582 330 1663 provocatio
346 1581 491 1662 patebat;
506 1581 647 1646 arbitros
663 1581 755 1663 ipsos
773 1583 913 1656 actione,
931 1601 1016 1664 quae
1032 1583 1203 1664 εἰσαγγελία
1218 1591 1364 1660 vocatur,

133 1673 288 1752 persequi
318 1670 447 1736 licebat.
491 1671 546 1733 Ex
569 1669 759 1735 Aristotelis
792 1671 834 1733 de
858 1690 893 1732 re
923 1691 956 1752 p.
980 1669 1062 1738 Ath.
1086 1671 1159 1734 libri
1182 1691 1255 1753 cap.
1279 1672 1363 1741 LIII.

133 1757 199 1844 §4
231 1768 401 1842 praeterea
438 1771 578 1842 apparet
608 1759 720 1823 arbitri
754 1759 876 1842 publici
911 1780 1028 1822 munus
1053 1760 1202 1822 omnibus
1226 1761 1361 1838 ciuibus

134 1848 191 1930 qui
224 1851 468 1929 sexagesimum
510 1850 626 1914 aetatis
661 1868 781 1912 annum
816 1849 981 1928 agebant,
1016 1848 1221 1912 subeundum
1256 1847 1363 1925 luisse,

134 1938 384 2018 quadragesimo
416 1937 564 2001 secundo
597 1939 784 2019 eodemque
806 1937 920 2000 ultimo
951 1957 1055 2014 anno,
1087 1957 1131 2000 ex
1155 1958 1221 2020 quo
1245 1939 1365 2021 ephebi

132 2027 179 2088 rei
202 2026 351 2108 publicae
376 2027 482 2090 officia
506 2035 674 2108 praestare
698 2035 888 2108 coeperant.

180 2113 260 2177 Cum
291 2116 391 2196 igitur
416 2126 542 2180 tantum
573 2119 701 2180 intersit
730 2117 813 2178 inter
843 2116 998 2179 arbitrum
1025 2115 1186 2195 privatum
1218 2123 1251 2178 et
1283 2119 1362 2198 pub·

132 2203 248 2279 licum,
285 2205 362 2286 quid
398 2215 449 2268 est
481 2225 537 2270 cur
559 2204 689 2286 utrique
726 2205 815 2269 idem
847 2225 967 2268 nomen
1002 2201 1214 2284 acceperint?
1252 2205 1364 2270 Unum

131 2293 280 2374 utrisque
304 2313 479 2358 commune
503 2292 569 2372 luit,
595 2296 686 2376 quod
708 2294 807 2357 iidem
831 2313 883 2356 res
907 2302 941 2356 et
963 2292 1165 2356 instruebant
1189 2303 1222 2356 et
1245 2294 1365 2357 iudica·

132 2381 224 2451 bant,
271 2384 351 2445 Inde
382 2384 538 2447 arbitrum
574 2403 747 2464 agnoscas.
793 2382 952 2460 Accedit,
989 2383 1078 2464 quod
1113 2383 1210 2445 etiam
1242 2383 1365 2464 publici

132 2470 243 2534 arbitri
268 2491 333 2532 non
355 2472 462 2535 solum
486 2473 621 2555 privati,
659 2483 835 2556 antequam
866 2473 1060 2547 iudicarent,
1092 2471 1259 2553 litigantes
1282 2473 1366 2535 inter

131 2579 169 2622 se
193 2560 365 2622 conciliare
390 2559 628 2650 conabantur⁸l.
668 2561 738 2626 Sed
763 2581 845 2643 quae
868 2561 971 2624 Meier
1001 2558 1046 2646 (p.
1072 2559 1126 2644 26)
1151 2561 1193 2624 de
1217 2562 1366 2626 eiusdem

132 2650 272 2712 nominis
296 2650 422 2730 origine
446 2648 572 2738 diciti),
596 2655 716 2734 partim
739 2646 839 2725 falsa,
871 2651 990 2730 partim
1022 2669 1088 2712 non
1118 2651 1197 2712 satis
1222 2650 1365 2713 dilucida

133 2745 217 2800 sunt.
264 2737 447 2819 Litigantes
482 2739 568 2804 enim
604 2743 760 2805 arbitrum
798 2739 965 2820 publicum
1000 2758 1065 2799 non
1104 2739 1264 2803 creavisse
1303 2740 1364 2803 sed

132 2835 221 2888 sorte
244 2830 412 2908 accepisse
436 2837 551 2892 contra
574 2831 734 2894 Meierum
759 2828 800 2890 ab
824 2828 976 2890 Huberto
1001 2836 1035 2890 et
1049 2827 1162 2908 Lipsio
1186 2830 1363 2908 probatum

133 2923 185 2978 est
194 2912 227 3003 ὁ).
275 2915 388 2998 Atque
411 2917 682 3000 Harpocrationis
706 2918 839 3000 quidem
863 2917 956 2980 locus
991 2917 1031 2998 (s.
1055 2941 1085 2980 ν.
1109 2917 1272 3001 diarrhiae)
1297 2917 1362 2981 fide

123 3024 199 3068 non
223 3005 340 3086 dignus
363 3015 423 3075 est.
469 3007 552 3071 Nam
584 3008 834 3090 grammaticum
871 3005 995 3086 duplex
1029 3026 1133 3087 genus
1168 3007 1362 3071 arbitrorum

133 3093 332 3158 confundere
363 3095 493 3160 Hubert
524 3097 570 3180 (p.
596 3097 652 3184 41)
675 3115 748 3160 cum
780 3095 923 3175 Bergkio
946 3095 1105 3175 probavit,
1153 3093 1221 3158 Sed
1244 3096 1363 3160 vellem

132 3181 261 3245 Hubert
284 3195 585 3262 commemorasset,
621 3187 799 3267 ἐπιτρέπειν
833 3184 999 3265 propriam
1034 3183 1076 3246 de
1111 3186 1240 3247 actione
1271 3185 1361 3266 apud

132 3273 294 3352 privatum
336 3274 491 3336 arbitrum
526 3295 644 3340 vocem
676 3294 761 3339 esse.
808 3274 887 3336 Inde
917 3273 1165 3355 grammaticum
1201 3274 1284 3336 duas
1308 3294 1361 3337 res

130 3360 214 3425 falso
238 3361 448 3426 coniunxisse
472 3364 588 3427 clarius
612 3385 710 3448 quam
734 3365 850 3427 ceteris
873 3363 1070 3444 argumentis
1095 3362 1211 3430 elucet.
1258 3363 1362 3426 Testi-

132 3449 277 3511 monium
308 3459 418 3519 autem
449 3453 547 3522 Dem.
571 3454 649 3522 Mid.
673 3453 692 3538 ξ
716 3451 759 3517 93
791 3453 924 3534 οἴδαμεν
955 3451 1178 3535 Δημοσθένην,
1212 3449 1241 3534 ᾧ
1275 3476 1361 3536 μαρ-

131 3543 308 3620 τυροῦμεν,
340 3542 394 3604 καὶ
417 3541 557 3606 Μειδίαν
582 3581 621 3589 -
647 3543 877 3624 ἑλομένους
907 3540 1065 3624 διαιτητὴν
1096 3540 1272 3621 Στράτωνα
1297 3550 1360 3611 etc.

132 3627 361 3708 interpolatum
387 3629 478 3718 esti).
525 3633 586 3694 His
609 3632 689 3695 locis
723 3631 883 3711 imprimis
906 3629 1009 3693 Meier
1039 3631 1129 3692 nisus
1152 3640 1230 3696 erat.
1278 3630 1360 3694 Illud

133 3754 292 3761 ————.

178 3817 201 3870 ⁴)
221 3809 260 3857 cl.
280 3809 357 3858 Dem.
376 3805 445 3870 (adv.
466 3807 586 3877 Aphob.)
605 3827 641 3862 or.
661 3811 694 3860 29
713 3808 731 3876 ξ
750 3809 784 3858 58
803 3805 951 3874 (κληρωτὰς
969 3804 1121 3874 διαιτητής).

178 3873 201 3940 ²)
220 3877 302 3929 Aliter
320 3879 349 3931 C.
369 3879 409 3932 Fr.
423 3881 565 3943 Hermann,
584 3882 723 3932 Lehrbuch
749 3882 795 3930 der
818 3881 914 3946 griech.
934 3880 1104 3934 Staatsaltert.
1123 3877 1141 3946 ξ
1163 3879 1212 3929 145
1231 3881 1293 3934 adn.
1314 3882 1357 3932 21.

177 3945 199 4013 ⁸)
219 3949 271 3999 Csr.
292 3950 337 4000 Ar.
353 3947 407 4002 Ἀθ.
426 3949 483 4001 παλ.
503 3969 560 4017 cap.
579 3953 623 4012 53,
642 3954 666 4002 2.

177 4016 199 4085 4)
217 4020 234 4072 l.
249 4035 271 4072 c.
284 4038 310 4086 p.
327 4022 368 4071 26.
388 4023 555 4074 DenNamen
574 4024 695 4074 Diateten
708 4025 758 4073 ,hat
776 4039 833 4072 man
852 4023 929 4073 ihnen
948 4020 982 4088 (d.
996 4022 1021 4070 h.
1041 4021 1092 4069 den
1112 4021 1206 4072 offentl.
1219 4021 1361 4088 Schiedsr.)

132 4090 261 4140 vielleicht
280 4093 387 4141 deshalb
406 4095 534 4160 gegeben,
554 4096 611 4144 weil
630 4096 670 4144 die
688 4095 879 4145 Rechtssachen
898 4094 962 4143 auch
981 4110 1012 4141 an
1032 4094 1068 4143 sie
1087 4093 1135 4141 wie
1154 4109 1186 4140 an
1204 4093 1245 4142 die
1264 4094 1361 4143 bereits

131 4163 320 4213 vorhandeuen
340 4167 625 4230 compromissarischen
652 4167 732 4216 durch
750 4167 826 4215 Wahl
853 4167 900 4216 der
918 4167 1034 4214 Parteien
1054 4163 1190 4227 gelangten
1219 4166 1282 4214 oder
1313 4182 1360 4229 ge·

131 4233 225 4297 langen
245 4235 369 4301 konntem
398 4237 451 4285 und
469 4237 494 4286 in
513 4238 560 4286 der
578 4238 743 4303 Behandlung
770 4239 816 4289 der
834 4238 1025 4287 Rechtssachen
1054 4251 1103 4286 vor
1121 4235 1245 4286 beiderlei
1274 4237 1359 4287 Arten

133 4305 178 4354 der
197 4305 320 4354 Diitteten
340 4308 458 4358 manches
477 4308 658 4359 Gemeinsame
677 4325 737 4358 war.

177 4373 199 4440 ⁵)
218 4378 293 4426 Nunc
312 4379 388 4426 etiam
405 4379 575 4428 testimonium
594 4380 742 4430 Aristotelis
761 4380 870 4442 accedit,
889 4395 947 4445 cap.
968 4379 1001 4428 53
1021 4376 1038 4444 ξ
1058 4378 1083 4428 5.

131 4519 156 4566 H
176 4445 199 4567 ἱ)
218 4449 413 4586 ἶνεεῐεξῢῖοα,
440 4451 473 4499 de
498 4451 548 4502 litis
576 4451 662 4517 lustr„
682 4468 745 4516 quae
773 4459 871 4503 exstant
897 4451 923 4499 in
949 4452 1027 4504 Dem.
1047 4465 1085 4502 or.
1104 4451 1163 4499 adv.
1181 4449 1243 4500 Mid.
1263 4466 1289 4514 p.
1312 4450 1365 4512 12,

158 4535 174 4568 u
196 4535 222 4568 er
251 4536 278 4585 p.
365 4557 371 4570 .
