3240 5478
780 577 979 651 ..g-

276 757 464 845 §ro-30.
489 757 537 822 At
570 759 621 820 his
652 760 731 839 ipsis
765 759 845 822 locis
869 761 983 822 nescio
1007 761 1175 842 quomodo
1209 763 1284 827 viris
1310 762 1416 826 doctis
1439 755 1520 825 im-'

275 847 394 928 plicare
417 847 549 933 placuit,
574 867 658 930 quae
681 848 846 930 explicare
871 849 1059 914 debuerunt.

321 937 403 1000 Cum
434 937 529 1018 igitur
554 937 786 1000 Demosthenis
817 939 878 999 loci
909 939 952 1000 ad
983 959 1168 1018 numerum,
1200 940 1420 1016 sortitionem,
1450 943 1503 1003 ius

274 1027 454 1103 iurandum,
479 1025 617 1109 denique
652 1026 694 1088 ad
729 1027 992 1090 constitutionem
1028 1027 1154 1109 collegii
1178 1028 1373 1091 arbitrorum
1395 1029 1502 1112 publi-

275 1135 387 1178 corum
412 1134 477 1176 non
501 1115 707 1196 pertinerent,
732 1115 814 1178 haec
838 1136 856 1177 e
880 1117 991 1178 lexicis
1007 1117 1171 1180 veteribus
1195 1117 1379 1199 supplenda
1395 1127 1498 1183 erant.

274 1205 377 1268 Multa
399 1213 519 1282 tamen,
544 1224 618 1266 cum
641 1225 661 1265 a
685 1207 800 1267 ceteris
816 1205 977 1268 disiuncta
1000 1215 1121 1284 essent,
1147 1207 1288 1269 obscura
1311 1207 1498 1272 manebant.

273 1293 327 1355 Ex
350 1293 536 1355 Aristotelis
559 1293 642 1356 libro
668 1295 709 1355 de
733 1313 767 1356 re
790 1295 920 1375 publica
942 1294 1191 1358 Atheniensium
1220 1295 1339 1358 multae
1363 1297 1498 1378 quidem

273 1383 561 1462 grammaticorum
584 1383 814 1445 adnotationes
838 1392 1058 1464 manaverunt,
1091 1385 1149 1446 sed
1173 1405 1237 1447 non
1262 1405 1386 1463 omnes,
1410 1387 1499 1450 unde

274 1471 425 1550 efficitur,
466 1480 502 1533 ut
526 1471 572 1534 eis
595 1492 635 1534 ne
667 1492 751 1533 nunc
776 1472 906 1554 quidem
930 1473 1144 1552 supersedere
1168 1474 1341 1555 possimus
1388 1473 1496 1537 Unum

274 1568 402 1622 constat
425 1561 657 1640 grammaticos
680 1561 868 1624 Aristotelis
904 1561 1019 1623 librum
1055 1563 1186 1626 novisse
1218 1570 1250 1628 et
1280 1563 1494 1643 excerpsisse.

275 1649 339 1712 Cur
362 1657 471 1710 autem
495 1670 561 1712 non
585 1670 642 1712 eos
666 1650 790 1714 fructus
814 1651 889 1712 inde
906 1652 1061 1732 ceperint,
1087 1671 1169 1732 quos
1192 1672 1311 1732 capere
1333 1661 1504 1733 poterant,

273 1734 367 1800 facile
392 1737 597 1819 intellegitur.
644 1739 761 1820 Neque
792 1741 876 1802 enim
908 1740 1009 1802 multo
1041 1749 1118 1822 post
1141 1749 1306 1804 oratorum
1329 1741 1495 1804 illustrium

273 1836 414 1890 aetatem
438 1827 631 1890 arbitrorum
670 1828 842 1910 collegium
878 1831 1007 1892 evanuit
1041 1839 1074 1892 et
1104 1832 1389 1911 grammaticorum
1412 1839 1497 1892 tem-

273 1917 408 1998 poribus
432 1917 598 1996 antiquum
622 1925 657 1980 et
680 1919 881 1999 incognitum
906 1916 1011 2005 erat1).

318 2006 413 2087 Quae
443 2006 484 2066 de
508 2005 698 2070 Aristotelis
728 2006 810 2068 libro
842 2028 946 2089 nuper
973 2015 1102 2088 reperto
1131 2009 1251 2088 scripta
1274 2017 1357 2084 sunt,
1387 2009 1504 2071 omnia.

272 2095 411 2176 inspexi,
459 2093 571 2176 Atque
596 2115 709 2157 omnes
733 2096 864 2177 quidem
890 2117 957 2176 eos,
995 2097 1049 2178 qui
1073 2099 1105 2159 in
1129 2099 1308 2160 secundam
1332 2099 1400 2160 eius
1424 2098 1493 2160 libri

272 2193 398 2266 partem
422 2185 565 2246 studium
589 2193 835 2260 converterunt,
872 2185 1001 2266 Lipsius
1032 2185 1130 2267 longe
1160 2185 1360 2272 antevenit2).
1407 2187 1492 2249 Tum

273 2273 389 2337 studiis
424 2273 505 2335 meis
551 2273 615 2335 iarn
654 2273 816 2336 adfinem
851 2276 1018 2354 perductis
1052 2275 1133 2337 liber
1169 2275 1210 2336 de
1250 2277 1496 2357 antiquitatibus

273 2361 406 2425 Graecis
430 2381 450 2423 a
473 2360 649 2447 Busoltio³)
676 2364 816 2444 scriptus
852 2364 1032 2446 iterumque
1062 2365 1167 2426 editus
1202 2365 1398 2444 supervenit,
1434 2386 1494 2427 nec

272 2450 373 2514 multo
397 2460 474 2532 post
488 2451 666 2513 Hermanni
690 2452 898 2532 antiquitates
908 2451 1055 2514 Graecae
1078 2453 1304 2516 aThumserio
1328 2463 1496 2517 correctae

272 2551 306 2604 et
329 2538 471 2623 auctaet)
495 2549 722 2622 apparuerunt.
772 2540 866 2621 Quae
898 2542 987 2622 apud
1022 2542 1084 2604 hos
1119 2551 1269 2606 auctores
1305 2543 1346 2604 de
1369 2543 1497 2606 arbitris

271 2630 409 2710 publicis
424 2631 581 2710 leguntur,
608 2629 751 2709 plurimis
775 2631 806 2691 in
829 2630 926 2693 rebus
950 2651 1025 2694 mea
1049 2652 1123 2694 cum
1139 2634 1299 2694 sententia
1316 2651 1495 2713 congruere

272 2720 425 2800 equidem
451 2737 661 2798 summopere
677 2719 819 2798 gaudeo
843 2719 891 2781 Ita
907 2720 1002 2795 enim,
1027 2740 1111 2802 quae
1127 2721 1199 2800 ipse
1222 2721 1339 2800 inveni,
1363 2720 1495 2784 illorum

271 2828 403 2890 quoque
439 2827 567 2870 summa
611 2808 804 2870 auctoritate
835 2810 985 2871 nituntur.
1032 2809 1194 2872 Nonnulla
1216 2830 1313 2887 vero,
1346 2830 1429 2892 quae
1451 2811 1494 2877 illi

271 2899 395 2960 minora
408 2906 559 2977 putantes
576 2897 762 2971 omiserunt,
780 2899 877 2960 etiam
890 2918 976 2959 nunc
992 2917 1044 2960 me
1058 2898 1282 2978 suppleturum
1295 2918 1368 2963 esse
1384 2919 1493 2979 spero

317 2985 377 3049 Cet
364 2994 517 3070 terorum,
542 2987 596 3066 qui
621 2987 662 3049 de
687 2985 746 3047 Ar.
757 2984 826 3050 ’Au
851 2988 924 3052 πολ
948 2987 1049 3049 verba
1071 2984 1229 3064 fecerunt,
1254 2988 1307 3050 alii
1332 2991 1373 3051 de
1396 2990 1499 3052 rebus

270 3075 335 3136 hist
322 3075 442 3154 toricis,
467 3095 550 3157 quae
563 3077 670 3155 priore
686 3074 756 3137 libri
772 3075 972 3138 Aristoteliei
995 3084 1089 3158 parte
1113 3077 1327 3154 continentur,
1352 3078 1495 3159 disputa

269 3171 402 3241 verunt,
372 3163 503 3240 talii,
535 3184 610 3225 num
635 3162 717 3225 liber
748 3166 905 3246 genuinus
940 3167 982 3228 sit
1015 3185 1136 3241 necne,
1169 3167 1406 3247 quaesiverunt,
1440 3167 1499 3230 alii

270 3253 472 3314 coniecturas
486 3261 712 3331 exercuerunt,
736 3253 789 3316 alii
801 3255 962 3335 epitomas
978 3256 1176 3335 scripserunt
1190 3264 1326 3336 urgente
1341 3263 1498 3336 tempore

270 3343 375 3404 minus
399 3350 578 3404 accuratas
617 3339 824 3422 Singulorum
848 3345 980 3405 nomina
1003 3344 1116 3406 afferre
1132 3343 1265 3424 longum
1283 3352 1349 3420 est;
1375 3344 1496 3427 quibus

269 3430 390 3513 aliquid
415 3430 535 3507 debe0,
560 3450 672 3492 eorum
696 3451 756 3493 suo
780 3452 943 3513 quemque
967 3431 1040 3494 loco
1064 3432 1218 3502 laudabo.

314 3520 457 3583 Athenis
497 3521 563 3581 duo
602 3539 724 3600 genera
761 3521 953 3583 arbitrorum
991 3519 1116 3606 luisse⁵l
1146 3521 1290 3585 omnium
1322 3522 1494 3586 doctorum

270 3628 430 3671 consensu
455 3607 622 3688 probatur.
671 3609 958 3672 Hudtwalckerum
991 3611 1091 3672 secuti
1114 3631 1212 3673 unum
1237 3610 1387 3691 publicos
1411 3613 1493 3675 arbi-

268 3708 347 3773 tros,
380 3697 516 3759 alterum
551 3698 694 3779 privatos
726 3699 891 3779 appellare
923 3702 1158 3764 consuevimus
1206 3699 1272 3764 Sed
1304 3701 1394 3762 haud
1425 3704 1502 3764 scio»

268 3807 310 3849 an
332 3789 518 3867 germanice
549 3789 654 3867 aptius
679 3787 896 3869 distinguendi
926 3790 988 3850 sint
1019 3789 1098 3852 Los-
1129 3790 1195 3852 und
1219 3790 1492 3852 Wahldiaeteten.

267 3985 428 4000 μ

314 4073 336 4132 1)
356 4074 395 4123 Cf.
415 4071 475 4124 Lex.
495 4073 568 4124 Cant.
588 4091 614 4139 p.
634 4075 694 4124 673.
714 4075 783 4124 Infra
801 4072 816 4141 ξ
839 4073 878 4126 12.

311 4142 336 4211 2)
355 4145 470 4194 Berichte
488 4145 552 4194 ttber
571 4147 611 4193 die
627 4145 842 4210 Verbandlungen
861 4148 907 4195 der
920 4147 953 4197 K.
963 4146 1051 4198 Sachs.
1062 4147 1122 4198 Ges.
1142 4150 1167 4199 d.
1178 4151 1219 4201 W.
1238 4167 1268 4199 zu
1285 4151 1391 4214 Leipzig
1418 4149 1494 4200 18⁴1.

266 4235 292 4283 p.
311 4217 449 4353 ³le>illimem
468 4287 518 4336 Die
537 4287 715 4350 griechischen
726 4287 821 4338 Staats·
840 4290 892 4337 und
902 4289 1170 4343 Rechtsalterthttmer.
1190 4291 1214 4342 2.
1234 4292 1302 4341 Aufl.
1322 4291 1493 4357 (Iw.Mtillers

266 4360 369 4410 Handb.
390 4359 416 4412 d.
430 4358 503 4409 class.
516 4359 663 4409 Altert.·W.
683 4360 731 4423 1v,
750 4359 780 4423 1).

311 4428 332 4492 ⁴)
352 4430 486 4479 Lehrbuch
496 4430 543 4478 der
552 4430 647 4492 griech.
658 4430 828 4481 Staatsaltert.
848 4447 897 4480 von
908 4432 937 4481 C.
947 4431 988 4480 Fr.
997 4433 1140 4490 Hermann,
1159 4434 1182 4483 6.
1196 4434 1264 4482 nun.
1285 4450 1335 4482 von
1353 4435 1501 4486 Thumser..

266 4501 391 4566 Freiburg
409 4503 425 4555 i.
446 4501 473 4553 B.
497 4501 562 4549 1892
583 4501 613 4564 (I,
633 4499 668 4565 2).

312 4571 333 4638 ὁ)
352 4573 390 4622 cf.
411 4575 485 4622 Dem.
506 4573 573 4634 (adv.
593 4571 708 4638 Aphob.)
727 4587 764 4622 or.
786 4573 819 4621 29
838 4569 854 4639 ᾗ
874 4571 915 4624 58.
