3240 5478
795 595 1016 657 ..16-

340 764 419 826 Loci
443 773 610 828 auctorum
635 764 699 827 huc
722 774 907 846 spectantes
930 765 963 826 hi
986 765 1053 830 fere
1076 775 1166 830 sunt:

341 852 430 922 Suid,
463 875 488 921 s.
512 875 541 914 v.
568 855 750 937 διαιτητάς·
785 904 791 917 .
817 907 825 923 .
852 903 858 916 .
884 855 949 917 ἀπὸ
979 862 1035 918 τοῦ
1065 857 1272 939 ληξιαρχικοῦ
1299 861 1526 939 γραμματείου·

294 943 518 1024 κληρώσαντες
532 941 569 1005 τὰ
588 949 654 1004 τῶν
676 943 816 1006 πολιτῶν
839 943 959 1006 διαιτᾶν
982 945 1124 1014 ἐποίουν
1148 942 1271 1030 (Dem.)
1296 965 1342 1014 or,
1367 945 1409 1006 47
1433 946 1523 1026 (adv.
1583 939 1584 950 ¹

295 1031 414 1112 Euerg.
439 1040 473 1094 et
496 1027 690 1116 Mnesib,)§
718 1031 773 1093 12:
810 1035 840 1096 οί
874 1032 934 1114 γὰρ
971 1033 1028 1116 τὴν
1066 1033 1198 1117 Οἰνηΐδα
1234 1035 1288 1097 καί
1318 1033 1520 1118 Ἐρεχθηίδα

294 1120 472 1190 διαιτῶντες
495 1120 633 1183 ἐνταῦθα
657 1118 687 1205 (ἰ,
713 1141 741 1190 e.
767 1123 800 1184 ἒν
824 1120 942 1206 ἡλιαίᾳ)
966 1123 1133 1206 κάθηνται.

339 1227 477 1290 Aristot.
496 1247 568 1307 cap.
593 1227 674 1294 LIII.
704 1227 752 1290 lb:
776 1227 831 1290 τὸν
855 1223 890 1290 δὲ
904 1231 1078 1292 τελευταῖον
1092 1235 1157 1292 τῶν
1172 1231 1356 1311 ἐπωνύμων
1372 1230 1522 1311 λαβόντες

294 1318 325 1380 οί
346 1318 571 1397 τετταράκοντα
604 1317 808 1400 διανέμουσιν
839 1317 945 1386 αὐτοῖς
974 1317 1029 1386 τὰς
1060 1318 1178 1387 διαίτας
1201 1319 1255 1381 καί
1279 1319 1513 1401 ἒπικληροῦσιν,
1584 1337 1585 1360 ¹

294 1409 332 1475 ἃς
356 1407 488 1476 ἕκαστος
511 1406 667 1488 διαιτήσει,

339 1493 459 1558 Suidae
475 1503 507 1556 et
523 1493 712 1556 Aristotelis
728 1493 791 1556 loci
808 1494 1029 1558 dlfficultatem
1045 1515 1196 1576 magnam
1213 1495 1382 1577 praebent,
1418 1493 1519 1558 Sorti-

293 1585 409 1668 tioneS,
445 1583 562 1664 quibus
601 1581 710 1645 arbitri
734 1585 765 1646 in
795 1592 900 1646 totum
925 1604 1042 1646 annum
1076 1585 1321 1662 destinarentur,
1355 1594 1391 1648 ut
1420 1604 1519 1664 supra

293 1672 598 1748 demonstravimus,
623 1671 728 1735 nullae
753 1681 854 1735 erant.
900 1672 989 1752 Ergo
1021 1671 1141 1736 Suidae
1172 1673 1394 1756 κληρώσαντες
1424 1673 1520 1736 aliter
1585 1701 1586 1746 ι

293 1781 331 1823 ac
354 1761 515 1843 prioribus
549 1761 804 1842 intellegendum
840 1769 901 1830 est,
948 1761 1072 1824 Arbitri
1096 1771 1185 1826 sorte
1208 1764 1240 1825 in
1264 1762 1381 1824 decem
1405 1772 1519 1842 partes
1585 1757 1586 1762 ’

294 1850 387 1912 divisi
419 1871 491 1914 esse
523 1850 688 1935 dicuntur,
719 1871 737 1910 e
762 1849 878 1931 quibus
909 1851 1119 1932 magistratus
1145 1850 1347 1934 litigantibus
1374 1851 1519 1932 singulos

293 1939 431 2002 arbitros
475 1947 563 2002 sorte
606 1939 737 2002 dabant.
802 1938 868 2001 Sed
900 1959 960 2000 nec
991 1937 1108 2003 Suidas
1140 1959 1200 2002 nec
1231 1940 1428 2002 Aristoteles
1458 1940 1518 2001 has

294 2029 375 2090 duas
408 2029 596 2090 sortitiones
632 2028 830 2108 distinguere
864 2029 1028 2103 videntur,
1065 2049 1138 2091 cum
1173 2038 1287 2108 aperte
1319 2028 1438 2107 dicant,
1474 2048 1518 2090 ex

292 2119 440 2179 universo
465 2116 520 2180 illo
546 2116 699 2197 catalogo
723 2117 864 2180 arbitros
889 2125 1038 2198 sumptos
1063 2137 1148 2185 esse.
1174 2118 1248 2180 Nec
1273 2118 1365 2198 quod
1390 2117 1517 2180 Aristo

292 2206 372 2268 teles
397 2206 582 2286 distinguit:
619 2205 825 2288 διανέμουσιν
848 2206 954 2276 αὐτοῖς
976 2207 1032 2275 τὰς
1054 2206 1175 2276 διαίτας
1191 2215 1241 2270 et:
1274 2207 1513 2289 ἐπικληροῦσιν,

292 2297 330 2363 ἃς
354 2297 487 2364 ἕκαστος
510 2295 657 2378 διαιτήσει
680 2295 723 2356 ad
747 2294 834 2357 illum
864 2314 994 2357 sensum
1038 2296 1182 2376 quadrat.
1220 2294 1275 2357 An
1311 2297 1481 2376 quisquam
1493 2295 1518 2376 ¹)

292 2383 479 2446 Aristotelis
510 2382 610 2446 verba
641 2384 685 2445 ita
716 2383 988 2464 interpretabitur,
1016 2392 1050 2446 ut
1079 2385 1168 2446 dicat
1204 2404 1366 2466 pagorum
1390 2384 1515 2446 iudices

291 2473 431 2536 arbitros
462 2470 504 2557 (in
540 2473 655 2534 decem
692 2471 835 2557 ordines)
866 2472 1067 2536 distribuisse
1098 2469 1335 2559 (διανέμουσιν),
1371 2482 1440 2536 tum
1471 2493 1517 2536 ex
1587 2529 1588 2546 ,

292 2562 352 2625 illis
377 2562 542 2624 ordinibus
577 2561 722 2641 singulos
757 2563 800 2623 ad
836 2581 888 2623 res
918 2561 1141 2624 diiudicandas
1164 2571 1253 2625 sorte
1277 2562 1416 2644 elegisse
1439 2559 1516 2646 (ἐπι-
1587 2555 1588 2566 ’

292 2649 501 2736 κληροῦσιν)λ
530 2650 634 2712 Immo
658 2649 870 2712 Aristotelem
895 2649 980 2712 illam
1006 2651 1147 2731 priorem
1170 2652 1375 2714 sortitionem
1399 2671 1418 2712 a
1440 2652 1516 2712 viris

293 2741 400 2803 doctis
435 2739 545 2803 fictam
577 2759 642 2801 non
674 2739 806 2801 novisse
840 2740 1021 2819 putandum
1046 2747 1106 2809 est,
1154 2739 1312 2814 Accedit,
1348 2740 1438 2822 quod
1473 2759 1516 2800 ne

293 2828 415 2893 Suidae
447 2829 578 2911 quidem
610 2828 717 2891 locum
741 2827 834 2890 aliter
856 2829 1059 2908 interpretari
1081 2848 1269 2909 possumus.
1315 2829 1429 2912 Itaque
1452 2829 1516 2890 hos

291 2927 441 2982 auctores
465 2918 556 2999 sequi
581 2938 646 2980 non
670 2916 864 2992 dubitarem,
896 2919 956 2979 nisi
980 2919 1076 2986 Dem,
1101 2937 1147 2979 or.
1172 2917 1224 2988 47,
1252 2918 1269 3002 ἓ
1298 2917 1335 2979 12
1360 2918 1516 2986 obstaret.
1588 2909 1589 2948 ³

293 3006 401 3088 Quem
435 3007 542 3070 locum
573 3007 674 3068 Meier
705 3005 749 3091 (p.
783 3003 836 3090 25)
871 3015 903 3069 et
934 3005 1197 3092 Westermann2)
1234 3026 1387 3087 perverse
1422 3007 1516 3068 inter-

291 3095 409 3176 pretati
431 3103 533 3174 erant,
567 3116 641 3158 cum
674 3096 820 3158 dicerent
850 3095 924 3164 τοὺς
946 3097 1002 3179 τὴν
1027 3094 1220 3179 Ἐρεχθηίδα
1244 3096 1429 3164 διαιτῶντας
1452 3115 1513 3158 eos

291 3185 589 3248 Erechtheidenses
609 3203 692 3263 esse,
705 3185 759 3266 qui
772 3183 825 3247 illo
842 3204 928 3246 anno
944 3184 1140 3248 arbitrorum
1149 3204 1280 3247 munere
1296 3182 1514 3265 fungerentur.

291 3271 511 3359 Schomann³)
534 3292 613 3338 vero
637 3282 670 3335 et
693 3272 820 3335 Hubert
843 3272 887 3356 (p.
909 3272 963 3359 30)
986 3293 1059 3336 eum
1083 3282 1214 3336 secutus
1237 3272 1307 3338 illos
1330 3269 1516 3336 refellerunt

291 3371 323 3426 et
346 3383 420 3425 curn
444 3383 501 3425 eos
513 3362 661 3436 arbitros,
686 3362 740 3446 qui
752 3361 963 3425 Erechtheidi
986 3361 1116 3425 arbitria
1140 3362 1218 3426 dare
1236 3363 1387 3425 destinati
1411 3371 1515 3438 erant,

290 3451 535 3537 intellexissent,
560 3451 799 3529 concluserunt,
824 3450 962 3513 arbitros
979 3459 1068 3514 sorte
1085 3451 1250 3515 indecem
1267 3460 1377 3532 partes
1393 3450 1520 3514 divisos

290 3540 397 3616 fuisse,
423 3561 506 3622 quae
532 3539 673 3619 singulis
699 3539 850 3602 tribubus
882 3543 1139 3604 constituerentu
1185 3541 1297 3603 Tribui
1329 3548 1439 3604 autem
1466 3559 1515 3601 ar-

289 3629 384 3693 bitria
408 3631 486 3692 dare
518 3629 606 3692 idem
646 3628 745 3705 valet,
780 3629 871 3709 quod
906 3648 1035 3691 reorum
1070 3649 1115 3692 ex
1139 3630 1237 3692 adem
1273 3628 1358 3692 tribu
1395 3647 1516 3690 causas

291 3719 477 3799 diiudicare,
502 3718 577 3799 quia
602 3713 706 3780 sorum
732 3737 852 3780 causae
876 3717 1069 3800 plerumque
1095 3718 1231 3782 adreum
1257 3737 1293 3780 se
1320 3717 1513 3798 applicabat

289 3807 429 3889 (Hubert
451 3829 482 3890 p.
508 3807 574 3890 42),
605 3803 768 3890 Lipsius⁴)
792 3827 859 3868 rem
884 3807 1017 3888 quidem
1040 3808 1169 3887 probat,
1193 3808 1253 3870 sed
1276 3807 1366 3869 verbi
1390 3807 1515 3870 διαιτᾶν

289 3916 363 3958 curn
387 3899 572 3960 accusativo
603 3895 878 3958 constructionem
909 3896 979 3959 sine
1003 3895 1159 3977 exemplo
1190 3915 1265 3960 esse
1289 3895 1376 3959 dicit.
1423 3895 1512 3957 Nam

289 3987 320 4047 in
345 3987 580 4067 epigrammate
603 3984 692 4066 apud
715 3984 904 4046 Pausaniam
928 3985 970 4068 V,
1002 3984 1051 4050 19.
1077 3985 1113 4046 5:

465 4073 621 4157 Ἑρμείας
643 4072 691 4137 ὅδ’
710 4071 909 4155 Ἀλεξάνδρῳ
926 4075 1063 4137 δείκνυσι
1087 4074 1204 4156 διαιτῆυ

469 4170 526 4228 τοῦ
551 4163 656 4231 εἴδους
668 4160 779 4243 Ἥραν
801 4163 854 4226 καί
879 4162 1016 4226 Ἀθανᾶν
1038 4164 1092 4226 καί
1110 4162 1301 4246 Ἀφροδίταν

287 4309 446 4316 ι--φ--ο

333 4377 356 4441 1)
375 4379 444 4429 velut
462 4378 586 4440 Goodell,
603 4379 661 4429 Am.
681 4377 770 4442 Journ.
790 4377 818 4428 ol
836 4376 972 4442 Philology
992 4377 1050 4426 XII.
1071 4377 1095 4442 3,
1115 4393 1141 4442 p.
1161 4379 1216 4429 322.

333 4447 354 4512 ³)
373 4450 495 4501 Berichte
514 4458 563 4501 etc.
582 4450 604 4512 1,
622 4465 649 4514 p.
667 4449 719 4497 432
738 4464 775 4514 sq.

332 4518 354 4584 Ι)
373 4521 522 4585 Philologus
541 4521 562 4580 Ι,
581 4537 605 4585 p.
628 4520 685 4570 730.

331 4592 353 4653 ⁴)
372 4594 405 4643 D.
425 4600 466 4642 att.
489 4588 583 4654 Proc.¹,
601 4609 627 4658 p.
650 4591 725 4642 1015.
