3240 5478
772 597 1023 662 ..26-

271 775 486 836 necessariam
518 793 591 836 esse
622 775 707 838 hanc
731 776 960 851 coniecturam,
992 777 1114 857 quippe
1138 797 1221 859 quae
1245 779 1384 856 dirimat,
1410 777 1512 858 quod

272 873 382 927 orator
398 863 588 944 simpliciter
600 864 711 926 melius
729 864 837 926 dicere
854 873 986 945 poterat
1003 866 1125 950 (ἐπειδὴ
1143 867 1342 949 γ’ἠτίμωσεν,
1359 868 1396 929 ὃν
1411 861 1511 949 ἐβου-

272 953 356 1034 λήθη
381 947 435 1014 καὶ
458 951 543 1015 τοῦτ’
560 952 730 1034 ἒχορίσαθ’
758 955 859 1036 αὑτῷ)
884 961 917 1015 et
941 954 1105 1034 debilitet,
1137 975 1220 1037 quae
1253 964 1364 1018 orator
1387 952 1508 1018 lortius

272 1041 459 1121 protulerat.
486 1043 556 1104 Nec
573 1042 622 1104 his
642 1041 749 1103 verbis
774 1042 850 1104 solis
863 1041 1021 1105 Frankelii
1042 1044 1203 1107 sententia
1228 1043 1358 1107 delendi
1376 1052 1504 1124 potest.

273 1129 320 1193 Cf.
346 1130 425 1197 Mid.
456 1128 475 1214 ξ
499 1130 558 1193 92:
584 1131 638 1193 καὶ
661 1132 717 1213 τὴν
740 1131 801 1212 μὲν
813 1131 893 1194 κατὰ
915 1138 972 1194 τοῦ
996 1133 1155 1215 θιαιτητοῦ
1172 1138 1297 1212 γνῶσιν,
1322 1136 1360 1215 ἣν
1378 1132 1505 1214 ἀπρόσ-

271 1219 388 1301 κλητον
417 1221 646 1282 κατεσκεύασεν
669 1220 780 1292 αὐτός,
813 1221 927 1300 κυρίαν
958 1222 1047 1302 αὐτῷ
1077 1223 1260 1305 πεποίηκεν,
1292 1225 1330 1303 ἣν
1364 1220 1509 1290 δἀὐτὸς

273 1306 382 1388 ὦφλεν
402 1309 474 1388 ἐμοὶ
497 1309 724 1392 προσκληθείς,
749 1309 851 1381 εἰδώς,
881 1309 941 1374 οὐκ
967 1311 1126 1383 ἀπαντῶν,
1154 1312 1276 1391 ἄκυρον
1300 1317 1392 1374 ποιεῖ.
1416 1311 1507 1371 Nam

273 1398 335 1459 etsi
352 1397 512 1460 rhetorice
523 1399 606 1459 inter
622 1418 657 1460 se
670 1407 896 1479 opponuntur:
910 1400 1211 1481 κύριος-ἄκυρος,
1226 1400 1448 1484 ἀπρόσκλητος
1458 1436 1509 1445 -

272 1486 499 1569 προσκληθείς,
531 1496 642 1549 tamen
670 1486 781 1549 sortior
812 1487 979 1567 oppositio
1003 1488 1039 1548 lit
1062 1497 1095 1550 et
1117 1491 1306 1567 accuratior,
1338 1489 1364 1550 si
1388 1489 1509 1570 κυρίαν

273 1575 446 1657 πεποίηκεν
476 1576 518 1637 ad
542 1577 810 1656 provocationem
835 1574 996 1638 Stratonis
1028 1577 1219 1641 auctoritate
1252 1586 1285 1640 et
1316 1577 1512 1660 eloquentia

273 1664 394 1726 Midiae
425 1665 580 1727 reiectam
612 1664 791 1730 referimus.
824 1664 901 1726 Alio
933 1665 1007 1727 loco
1039 1667 1185 1729 eiusdem
1218 1668 1373 1729 orationis
1405 1667 1508 1728 etiam

274 1754 346 1834 plus
371 1754 503 1816 confido
520 1753 563 1816 ad
580 1754 785 1834 probandam
803 1751 961 1816 Stratonis
985 1755 1265 1834 provocationem.
1291 1754 1391 1836 Quod
1416 1755 1508 1816 enim

273 1840 296 1926 ξ
321 1842 365 1905 90
388 1842 525 1922 legimus
543 1895 551 1910 .
568 1887 577 1906 .
594 1893 627 1912 ‚.
653 1845 766 1924 ἄτιμον
783 1841 965 1926 Ἀθηναίων
989 1843 1038 1905 ἕν’
1063 1845 1141 1906 εἶναι
1164 1844 1286 1907 δεῖκαὶ
1309 1848 1390 1928 μήτε
1413 1866 1509 1923 συγ-

273 1933 458 2014 γνώμης,
494 1934 574 2014 μήτε
597 1933 702 2012 λόγου,
727 1934 807 2014 μήτε
830 1932 998 2000 ἐπιεικείας
1020 1933 1182 2014 μηδεμιᾶς
1204 1940 1315 2014 τυχεῖν,
1340 1954 1412 1996 mea
1435 1933 1511 2012 qui·
1596 1991 1597 1996 ,

273 2020 348 2082 dem
373 2020 534 2082 sententia
564 2041 629 2082 non
662 2021 702 2082 de
735 2021 863 2083 actione
895 2021 985 2100 apud
1008 2020 1201 2084 arbitrorum
1226 2021 1409 2102 collegium,
1443 2021 1503 2083 ubi

273 2107 383 2171 Strato
408 2129 474 2170 non
496 2109 609 2172 aderat
633 2129 694 2172 nec
718 2111 880 2171 veniam
903 2111 1030 2190 precari
1054 2119 1195 2190 poterat,
1230 2111 1292 2172 sed
1317 2111 1359 2172 de
1382 2129 1504 2192 provo-

274 2199 402 2260 catione
426 2198 513 2278 apud
536 2198 660 2261 iudices
685 2198 809 2276 dicitur,
834 2198 888 2260 ubi
901 2196 1009 2260 Strato
1026 2218 1131 2260 rerum
1148 2201 1349 2280 agendarum
1375 2201 1509 2280 imperi·
1597 2201 1598 2262 l

273 2296 325 2349 tus
340 2286 365 2368 1)
389 2307 409 2349 a
432 2287 590 2349 iudicibus
614 2289 671 2349 vix
686 2287 814 2349 auditus
827 2295 886 2363 cst,
912 2287 1031 2348 nedum
1047 2289 1176 2350 veniam
1193 2290 1357 2370 acciperet
1369 2285 1402 2375 2),
1428 2309 1515 2349 cum·
1597 2281 1598 2288 '

274 2375 393 2438 Midias
410 2378 526 2438 civium
541 2375 652 2438 favore
676 2376 885 2456 praevaleret.
911 2377 954 2438 Et
969 2375 1056 2438 hunc
1072 2376 1179 2438 locum
1196 2377 1295 2451 aliter,
1320 2377 1376 2439 vix
1392 2385 1506 2438 autern

275 2465 388 2527 melius
411 2465 613 2545 interpretari
629 2463 789 2550 poteris³).
814 2464 926 2528 Strato
950 2467 1055 2550 igitur,
1080 2486 1153 2528 curn
1177 2466 1219 2527 ad
1236 2466 1361 2529 iudices
1377 2467 1508 2528 omissa
1598 2535 1599 2558 η

275 2554 462 2616 eremodicii
486 2555 720 2616 restauratione
742 2563 946 2635 provocaret,
964 2555 1031 2617 iure
1055 2555 1210 2616 adversus
1234 2575 1270 2617 se
1295 2563 1403 2616 actum
1429 2575 1510 2617 esse
1598 2565 1599 2578 ¹

276 2644 451 2712 concessit,
465 2641 617 2724 Sequitur
629 2643 815 2706 citationem
828 2643 938 2705 arbitri
954 2643 1095 2704 accusati
1109 2643 1182 2724 lege
1195 2663 1259 2706 non
1271 2643 1518 2725 praescriptam:

275 2729 390 2806 fuisse,
428 2733 549 2814 quippe
580 2753 654 2793 cum
686 2732 802 2794 adesse
834 2741 867 2794 et
902 2741 1096 2794 accusantes
1131 2741 1324 2814 exspectare
1360 2731 1511 2801 deberet.

277 2819 343 2882 Sed
360 2821 495 2884 multum
523 2823 657 2884 interest
680 2821 763 2883 inter
786 2841 880 2884 usum
893 2821 1100 2884 humanitatis
1125 2829 1158 2883 et
1181 2821 1263 2902 legis
1286 2822 1511 2886 severitatem.

275 2910 393 2972 Midias
417 2930 495 2972 sane
520 2910 669 2973 dolosum
694 2919 726 2972 et
749 2911 893 2992 iniquum
917 2929 953 2972 se
969 2911 1138 2990 praestitit,
1163 2931 1236 2972 cum
1253 2909 1421 2972 absentem
1446 2930 1513 2989 ag-

276 3019 410 3080 gressus
431 2997 516 3085 ese).
543 2998 610 3062 Sed
635 2999 887 3074 Demosthenes
914 3018 978 3079 qua
1001 3008 1070 3060 erat
1086 2999 1259 3061 calliditate
1275 3019 1339 3060 non
1355 3007 1520 3062 accurate*

277 3089 425 3150 distinxit
448 3089 531 3150 inter
554 3088 645 3168 leges
669 3090 714 3150 rei
732 3087 881 3168 publicae
900 3097 933 3150 et
949 3087 1019 3150 illos
1037 3089 1205 3170 ἀγράφους
1220 3088 1352 3170 νόμους,
1379 3087 1519 3168 quibus.

277 3178 498 3259 quodcunque
523 3197 661 3258 aequum
686 3187 720 3240 et
736 3176 911 3240 honestum
936 3186 996 3256 est,
1020 3177 1169 3239 sancitur.

321 3266 435 3329 Altera
446 3270 593 3346 quaestio
607 3274 666 3341 est,
681 3286 789 3327 nonne
802 3275 931 3347 praeter
944 3266 1060 3345 capitis
1074 3266 1328 3327 deminutionem
1338 3265 1421 3326 aliae
1430 3283 1512 3345 poe·

277 3375 338 3418 nae
359 3357 555 3438 εἰσαγγηλίας
574 3357 702 3417 actione
725 3357 891 3436 potuerint
916 3355 1060 3434 irrogari.
1095 3355 1218 3416 Meiero
1236 3354 1369 3434 quidem
1389 3351 1435 3434 (p.
1458 3352 1513 3438 15)

276 3444 462 3507 incredibile
478 3445 582 3506 visum
595 3453 656 3528 est,
670 3444 767 3506 etiam
779 3442 923 3506 faciliora
935 3443 1128 3506 arbitrorum
1145 3443 1263 3505 delicta
1275 3450 1341 3504 tam
1355 3442 1514 3505 atrociter

276 3534 391 3615 punita
415 3553 498 3608 esse,
513 3542 546 3594 et
566 3531 788 3614 Schbmann⁵)
806 3533 834 3594 ei
851 3552 1005 3594 assensus
1022 3540 1082 3600 est,
1109 3531 1295 3594 Secundum
1309 3531 1422 3594 Meieri
1438 3550 1513 3593 sen-

275 3625 410 3685 tentiam
439 3623 545 3705 ἀτιμία
569 3622 615 3684 eis
646 3623 773 3684 arbitris
797 3621 874 3684 solis
898 3619 1097 3705 imminebat,
1122 3621 1176 3702 qui
1208 3619 1328 3682 fraudis
1361 3628 1417 3683 aut
1440 3639 1513 3681 cor-

276 3712 423 3792 ruptelae
441 3711 583 3773 accusati
596 3719 629 3772 et
645 3713 781 3773 convicti
795 3718 897 3776 erant.
914 3708 1104 3772 Ceterorum
1118 3709 1283 3771 criminum
1298 3729 1440 3789 poenam
1453 3709 1513 3770 rni-

276 3821 390 3864 norem
414 3799 514 3864 fuisse
538 3809 572 3863 et
594 3799 727 3880 singulis
750 3799 781 3860 in
805 3799 913 3862 causis
937 3798 1141 3860 aestimatam
1168 3817 1249 3860 esse.
1274 3797 1315 3860 Et
1346 3797 1475 3880 Lipsius
1486 3795 1522 3880 6).

315 3978 334 4043 ¹)
353 3976 499 4043 ἀπράγμων
518 3979 579 4028 Mid.
600 3975 617 4042 ᾖ
638 3979 678 4026 83.

313 4047 333 4116 ¹²)
353 4051 394 4103 Cl.
409 4053 482 4100 Dem.
498 4067 535 4098 or.
549 4050 583 4098 45
605 4047 674 4113 (adr.
689 4046 785 4114 Steph.)
811 4046 858 4114 §b
877 4045 946 4098 οὕτω
966 4044 1076 4111 διέθηκε
1098 4042 1157 4102 τοὺς
1175 4043 1310 4106 δικαστάς,
1329 4043 1395 4096 ὥστε
1414 4042 1516 4110 φωνὴν

315 4120 339 4170 δ’
365 4119 477 4170 (ντινοῦν
495 4117 595 4169 ἐθέλειν
613 4117 720 4169 ἀκούειν
745 4117 753 4136 ‘
776 4123 822 4170 ῶν.

275 4139 338 4249 μηδ)
358 4139 473 4241 goodell
492 4190 562 4256 (Am.
577 4191 668 4254 Journ.
682 4191 712 4238 ol
722 4137 812 4240 Piilot.
826 4191 877 4238 XII
892 4191 917 4252 3,
930 4207 957 4254 p.
970 4187 1032 4254 322)
1047 4203 1112 4240 voce
1123 4185 1251 4246 καθάπαξ
1264 4187 1335 4252 (Mid.
1350 4185 1367 4252 ᾖ
1381 4185 1428 4254 87)
1439 4186 1520 4237 nisus

277 4274 353 4328 negat
373 4263 522 4312 Stratonem
542 4264 574 4310 ad
593 4265 688 4311 iudices
707 4277 876 4326 provocasse,
895 4260 984 4310 iniuria
1004 4270 1028 4309 ut
1047 4260 1164 4311 arbitror.
1184 4261 1248 4308 Nam
1268 4256 1395 4316 καθάπαξ
1413 4256 1515 4324 (zein

277 4336 314 4384 sur
333 4333 438 4398 allemal,
459 4350 523 4398 ganz
543 4335 596 4382 und
609 4333 663 4399 gar)
683 4333 826 4396 significare
839 4333 947 4395 videtur,
966 4333 1085 4381 damnum
1100 4330 1225 4380 Stratonis
1239 4330 1402 4395 irreparabile
1422 4330 1510 4380 fuisse.

277 4407 309 4455 Et
328 4406 445 4470 prolecto
464 4423 479 4454 a
497 4405 622 4454 iudicibus
641 4419 692 4453 non
712 4405 810 4452 auditus
829 4405 915 4453 Strato
935 4399 1062 4461 καθάπαξ
1081 4400 1170 4465 ἄτιμος
1189 4399 1295 4466 ἐγένετο.

311 4475 333 4542 ⁴)
353 4477 392 4529 cr.
412 4476 504 4540 sergi,
523 4477 549 4524 z.
564 4478 580 4526 r.
594 4477 618 4524 d.
633 4476 664 4526 A.
681 4477 721 4527 w,
739 4477 814 4537 isto,
832 4492 861 4540 p.
876 4475 934 4524 ιτα.

310 4547 337 4614 ⁵)
357 4549 505 4612 Philologus
525 4549 545 4598 l.
558 4565 584 4612 p.
600 4547 658 4596 729.

311 4619 333 4674 ὓ)
353 4622 386 4670 D.
400 4628 444 4669 att.
465 4616 553 4668 Ρτοε.2
572 4635 596 4683 p.
611 4619 669 4666 226.
