3240 5478
634 570 834 631 ..9-

107 746 288 826 sexaginta
326 764 429 807 annos
468 741 627 824 postulat,
669 742 758 823 quod
798 743 903 824 primo
943 749 1078 823 aspectu
1116 739 1231 803 falsum
1270 761 1342 804 esse

116 833 251 914 coargui
275 841 422 913 poterat;
448 831 566 895 Suidas
590 839 623 893 et
645 830 758 894 Lexici
782 829 971 911 Segueriani
988 829 1167 906 adnotatio
1192 850 1275 912 quae
1299 832 1340 894 ab

113 923 218 985 altera
249 923 396 984 eiusdem
434 920 507 986 libri
538 919 748 983 adnotatione
780 920 961 1000 discrepat,
998 918 1040 980 ad
1071 927 1213 980 aetatem
1245 939 1343 999 supra

115 1012 351 1093 quinquaginta
375 1030 480 1072 annos
504 1006 713 1095 recedunt¹);
749 1008 872 1072 Polluci
904 1007 987 1071 fides
1018 1007 1135 1070 habita
1168 1016 1227 1069 est.
1275 1007 1342 1073 Sed

114 1120 227 1162 verum
251 1120 316 1162 non
339 1100 437 1181 longe
453 1098 574 1172 aberat,
599 1105 675 1159 ante
691 1097 794 1177 pedes
810 1096 948 1172 iacebat,
973 1116 1081 1178 neque
1101 1097 1184 1158 ullus
1200 1097 1341 1160 animad-

113 1190 221 1252 vertit.
260 1189 351 1252 Idem
374 1189 469 1263 enim,
494 1187 585 1271 quod
609 1206 653 1247 ex
669 1185 855 1250 Aristotelis
878 1185 961 1250 libro
986 1205 1090 1266 nuper
1113 1187 1342 1267 comperimus,

113 1278 148 1340 in
172 1278 254 1342 Lex.
273 1277 374 1359 Segu.
399 1298 431 1358 p.
458 1275 532 1352 235,
559 1275 602 1338 20
625 1284 658 1338 et
681 1277 712 1338 in
735 1274 838 1343 schol.
863 1274 905 1337 ad
928 1273 1007 1339 Plat.
1032 1275 1051 1342 1,
1077 1295 1105 1342 ε.
1128 1273 1267 1338 sortasse
1298 1295 1343 1339 ex

114 1366 298 1430 Aristotele
322 1375 488 1447 sumptum
514 1366 706 1440 continetur,
731 1365 757 1427 si
782 1383 840 1426 eos
863 1364 954 1426 locos
978 1372 1068 1428 recte
1084 1365 1341 1444 iuterpretamur,

116 1457 203 1518 Nam
237 1458 284 1526 οἷς
307 1455 482 1540 ἑξηκοστὸν
504 1479 558 1523 τος
580 1454 619 1536 ἦν
642 1453 713 1534 (Ar.
739 1454 787 1522 οἷς
810 1456 849 1516 ἂν
872 1452 1045 1537 ἑξηκοστὸν
1069 1454 1139 1522 ἔτος
1161 1449 1197 1533 ᾖ)
1224 1473 1290 1515 non
1314 1455 1343 1517 ei

113 1555 221 1620 asunt,
247 1547 300 1627 qui
324 1544 433 1626 plures
458 1563 535 1624 qum
568 1544 739 1624 sexaginta
770 1562 891 1626 annos,
926 1541 985 1604 sed
1021 1541 1075 1624 qui
1099 1544 1341 1624 sexagesimum

118 1637 235 1697 aetatis
259 1654 379 1696 annum
403 1641 513 1714 agunt,

159 1724 294 1786 Dudum
334 1723 515 1785 mirandum
548 1719 731 1796 videbatur,
766 1720 858 1802 quod
885 1722 1017 1782 omnino
1040 1719 1116 1780 nihil
1143 1719 1184 1782 de
1207 1739 1342 1784 numero

113 1811 326 1884 arbitrorum,
362 1810 440 1873 nihil
464 1811 505 1872 de
529 1809 670 1872 muneris
693 1809 851 1889 petitione
875 1828 937 1870 nec
961 1808 1148 1888 sortitione,
1188 1809 1265 1872 nihil
1301 1811 1343 1872 de

115 1902 250 1976 ratione,
284 1920 369 1982 quae
393 1899 611 1962 intercesserit
634 1899 717 1961 inter
739 1896 879 1960 arbitros
903 1906 937 1959 et
959 1897 1071 1973 tribus
1095 1906 1225 1960 veteres
1249 1899 1345 1962 nobis

114 1990 328 2069 tradiderunt,
355 2010 429 2052 cum
446 1990 488 2052 de
505 1986 657 2050 omnibus
680 1982 747 2048 fere
764 1985 832 2048 aliis
848 1987 1115 2068 magistratruum
1131 1986 1182 2051 vel
1200 1987 1344 2051 iudicum

114 2079 260 2160 collegiis
284 2087 372 2142 certe
396 2097 565 2140 numerum
601 2075 780 2138 rettulerint
838 2075 933 2137 Nunc
956 2075 1089 2138 tandem
1114 2095 1187 2139 eam
1212 2095 1344 2140 causam

113 2167 340 2249 intellegimus.
388 2165 483 2248 Quae
507 2165 614 2227 adhuc
638 2164 680 2227 de
704 2163 898 2227 arbitrorum
923 2173 1032 2227 aetate
1055 2165 1227 2242 sensimus,
1262 2164 1344 2229 falsa

114 2265 148 2318 et
171 2257 329 2319 mutanda
353 2263 436 2322 sunt.
482 2253 681 2317 Aristoteles
717 2254 803 2315 enim
839 2255 870 2315 in
902 2274 973 2335 cap.
1006 2252 1088 2322 LIII.
1136 2252 1155 2338 ᾗ
1190 2254 1212 2315 4
1247 2255 1341 2318 dicit:

113 2346 264 2430 διαιτηταὶ
287 2345 393 2408 ὅέἶσὶν
416 2345 464 2412 οἷς
487 2346 526 2405 ἂν
551 2341 724 2426 ἑξηκοστὸν
747 2343 817 2412 ἔτος
839 2346 862 2422 ῇ
883 2343 902 2411 ἰ,
924 2363 951 2407 ε.
965 2344 995 2421 ii,
1020 2343 1074 2424 qui
1098 2345 1343 2423 sexagesimum

107 2436 231 2498 aetatis
255 2453 372 2497 annum
398 2431 542 2514 agebant
565 2435 622 2511 (=
638 2433 668 2495 oi
691 2430 865 2514 ἑξηκοστὸν
884 2433 954 2500 ἔτος
977 2429 1124 2517 ἄγοντες),
1149 2431 1344 2495 arbitrorum

116 2544 250 2586 munere
274 2522 499 2604 fungebantur,
523 2540 584 2582 nec
600 2520 771 2602 quisquam
791 2519 912 2583 arbiter
935 2521 1002 2582 fieri
1026 2528 1165 2602 poterat,
1189 2521 1243 2602 qui
1259 2521 1344 2585 hanc

114 2621 257 2676 aetatem
288 2612 432 2675 nondum
465 2618 634 2672 assecutus
671 2617 726 2671 aut
760 2610 823 2671 iam
864 2617 1087 2690 transgressus
1121 2618 1200 2677 erat.
1247 2609 1345 2673 Hunc

58 2704 62 2711 '
114 2701 223 2764 locum
243 2701 315 2765 luce
336 2700 507 2762 clariorem
535 2719 602 2761 non
624 2717 738 2761 omnes
758 2698 815 2760 viri
833 2699 921 2760 docti
937 2707 1025 2761 recte
1042 2699 1243 2779 interpretati
1259 2707 1344 2768 sunt.

159 2790 368 2870 Barthelemy
388 2789 478 2852 Saint
495 2825 507 2834 -
524 2785 673 2872 Hilaire2)
696 2787 827 2868 quidem
850 2787 977 2849 arbitris
1001 2795 1143 2850 aetatem
1170 2789 1346 2870 sexaginta

113 2900 218 2942 annos
249 2887 457 2960 superantem
489 2877 586 2938 fuisse
619 2884 722 2956 putat.
748 2875 787 2945 G.
808 2876 835 2956 J.
863 2875 1043 2940 Schneider
1052 2874 1075 2961 ³)
1106 2885 1173 2939 tam
1205 2877 1344 2940 obscure

114 2969 158 3030 de
190 2969 307 3032 eadem
339 2988 373 3031 re
404 2967 566 3046 disputat,
598 2974 634 3027 ut
656 2966 683 3027 si
706 2965 808 3027 verba
830 2965 899 3027 eius
923 2965 1089 3045 sequana,
1115 2967 1192 3046 quid
1215 2969 1342 3040 sentiat,

113 3057 303 3138 intellegere
338 3076 471 3138 prorsus
506 3074 661 3136 nequeas,
716 3055 813 3116 Errat
844 3055 941 3116 etiam
975 3055 1014 3115 R.
1047 3053 1233 3137 Dareste⁴)‚
1269 3075 1344 3116 cum

113 3145 254 3210 arbitros
277 3147 449 3225 sexaginta
479 3164 582 3205 annos
606 3151 701 3205 natos
724 3145 744 3211 i,
765 3163 793 3209 e.
821 3143 1055 3223 sexagenarios
1078 3141 1176 3204 luisse
1200 3153 1343 3212 censeat.

113 3235 242 3298 Eadem
273 3234 338 3298 fere
362 3230 571 3318 Thumseriil)
601 3233 764 3295 sententia
795 3241 853 3298 est.
889 3232 1028 3295 Rectam
1051 3251 1129 3294 vero
1153 3234 1343 3313 interpreta-

112 3326 236 3386 tionem
260 3320 342 3386 infra
364 3323 546 3386 accuratius
570 3320 775 3402 probandam
799 3321 933 3402 Lipsius
942 3319 967 3403 6)
991 3322 1120 3388 Invenit.

158 3412 217 3475 Ad
241 3413 539 3475 commendandam
563 3418 706 3473 aetatem
727 3412 898 3491 sexaginta
914 3430 1072 3472 annorum
1089 3407 1341 3492 (confectorum)

159 3623 183 3693 1)
203 3626 256 3676 Sed
274 3635 300 3675 ut
318 3626 351 3674 ad
369 3625 494 3688 origiuem
514 3625 606 3672 erroris
633 3625 776 3686 redeamus,
803 3624 911 3674 sortasse
939 3625 1018 3672 verba
1047 3626 1109 3674 Lex.
1129 3623 1207 3688 Segu.
1227 3621 1292 3688 ὑπὲρ
1312 3621 1343 3674 τὰ

112 3695 272 3762 πεντήκοντα
290 3694 333 3761 ἔτη
352 3697 426 3747 aliter
444 3697 595 3761 explicanda
613 3703 678 3746 suut.
722 3696 749 3745 Si
769 3695 836 3744 enlm
855 3692 885 3744 τὰ
903 3693 1063 3760 πεντήκοντα
1082 3693 1124 3759 ἔτη
1145 3711 1201 3744 cum
1222 3695 1342 3759 Ungerio‚

115 3769 237 3833 magistro
257 3768 413 3828 doctissimo,
433 3769 496 3818 aL.
516 3782 595 3831 usque
615 3767 649 3815 ad
668 3770 735 3820 LIX.
744 3768 835 3816 aetatis
855 3783 949 3815 annum
968 3783 1138 3827 numeramus,
1161 3767 1186 3815 id
1206 3768 1275 3830 quod
1295 3783 1342 3818 nos

114 3842 219 3889 dietmus
244 3841 305 3904 „dle
330 3839 451 3904 lflnfziger
470 3837 573 3902 Jahre“‚
598 3840 683 3888 omnia
702 3841 799 3905 optime
819 3845 973 3902 congruunt.
1002 3839 1042 3886 Ita
1057 3837 1084 3886 οἱ
1099 3834 1181 3900 ὑπὲρ
1201 3834 1231 3887 τὰ
1249 3835 1341 3903 πεντή-

113 3928 193 3960 κοντα
212 3909 254 3975 ἔτη
275 3911 405 3974 sexaginta
424 3926 505 3960 annos
533 3910 586 3960 nati
609 3920 673 3964 sunt.
710 3911 760 3960 Sed
780 3926 855 3958 unam
880 3910 939 3958 mihi
972 3909 1156 3959 dubitationem
1183 3916 1270 3958 movet
1289 3926 1339 3959 arn-

115 3983 224 4046 biguitas
256 3980 392 4032 verborum
420 3982 492 4030 lexici
527 3982 602 4045 Segu.
637 3997 668 4029 ne
702 3983 752 4031 hoc
783 3981 884 4046 quidem
919 3981 995 4029 modo
1023 3981 1136 4046 sublata;
1168 3997 1226 4028 nam
1255 3981 1341 4030 verbis

113 4053 140 4102 οἱ
157 4050 239 4117 ὑπὲρ
258 4049 289 4102 τὰ
306 4071 334 4102 π.
353 4051 395 4116 ἔτη
416 4061 440 4101 et
458 4053 503 4100 viri
522 4053 600 4116 longe
620 4052 729 4101 malores
748 4060 808 4102 natu
836 4052 970 4116 significari
999 4059 1115 4116 possunt,
1142 4053 1177 4099 ita
1206 4060 1231 4100 ut
1259 4061 1341 4101 certus

105 4125 203 4174 aetatis
222 4140 302 4174 annus
321 4139 352 4171 ne
371 4124 414 4172 illa
433 4125 534 4188 quidem
552 4124 693 4187 explicandi
712 4123 813 4172 ratione
832 4132 938 4188 accepta
958 4140 971 4172 e
991 4123 1063 4171 lexici
1082 4125 1141 4172 loco
1161 4124 1268 4174 eluceat.

158 4192 182 4256 2)
201 4198 289 4245 Revue
309 4196 385 4244 bleue
409 4195 485 4256 1891,
505 4211 530 4258 p.
551 4195 611 4245 397.

158 4262 179 4329 8)
198 4266 407 4316 Wochenschriit
426 4268 468 4314 tur
487 4267 519 4316 cl.
538 4265 683 4329 Philologie
703 4267 775 4327 VIII,
795 4283 820 4330 p.
841 4267 901 4318 587.

158 4338 180 4401 ⁴)
200 4338 313 4388 Se'ances
338 4345 364 4387 et
387 4346 448 4386 trav.
469 4338 502 4386 de
529 4333 679 4387 l’academie
705 4338 774 4389 d.sc.
794 4353 857 4389 mor.
876 4345 903 4386 et
921 4338 974 4401 pol.
998 4338 1061 4386 1891
1084 4353 1111 4400 p.
1132 4337 1183 4386 348
1202 4335 1247 4400 (ΙΙ.
1262 4336 1342 4402 Sem.)

160 4407 170 4436 ⁶
220 4409 340 4466 .5<>23;
361 4424 386 4471 p.
406 4409 466 4458 594.

157 4409 181 4545 “l
199 4405 317 4530 lenense
346 4481 408 4528 uber
437 4479 477 4528 die
508 4479 586 4529 Verb.
613 4478 657 4526 des
683 4479 716 4528 K.
742 4479 831 4530 Sachs.
852 4479 912 4530 Ges.
940 4480 986 4528 der
1006 4479 1162 4530 Wissensch.
1182 4495 1212 4528 zu
1234 4479 1340 4542 Leipzig

114 4552 193 4614 1891,
210 4568 235 4617 p.
247 4551 289 4600 58.
309 4551 347 4602 CI.
359 4551 433 4599 etiam
449 4551 553 4613 Taylor‚
566 4549 688 4599 Classical
708 4550 808 4600 Review
818 4551 863 4610 VI,
882 4552 907 4612 4,
927 4568 952 4615 p.
970 4551 1067 4600 188-
1082 4551 1171 4599 Busolt
1190 4568 1216 4616 p.
1230 4547 1339 4614 270771.
