3240 5478
797 587 1021 650 ..-14-

285 765 446 840 -quattuor
468 757 660 822 arbitrorum
683 759 729 822 ita
751 761 903 837 continet,
929 767 965 822 ut
989 756 1137 839 singulae
1161 757 1263 820 tribus
1287 759 1409 821 varium
1433 755 1520 819 arbi-

283 857 413 911 trorum
436 865 605 910 numerum
629 848 815 927 praebeant,
852 849 1055 924 Acamantis,
1090 846 1335 928 Hippothontis,
1371 846 1517 908 Aeantis

292 955 371 998 casu
394 955 540 998 novenos
564 934 702 998 arbitros
725 937 892 1002 exhibent.
939 937 1049 1000 Unum
1080 956 1141 1016 pro
1165 944 1255 1000 certo
1279 935 1519 1009 affirmaverim,

290 1024 318 1086 si
342 1024 475 1105 Bergkii
498 1024 609 1086 titulus
633 1025 796 1088 mutilatus
820 1046 886 1088 non
909 1025 1013 1088 solum
1036 1024 1139 1088 tribus
1170 1025 1221 1088 vel
1245 1033 1399 1106 quattuor
1416 1022 1521 1086 tribu-

292 1115 355 1176 bus
377 1113 516 1175 totidem
540 1112 680 1176 arbitros
713 1114 850 1190 tribuat,
886 1115 947 1177 sed
981 1113 1123 1178 eundem
1154 1113 1307 1177 omnibus
1337 1131 1519 1188 numerum,
1595 1111 1596 1168 l

292 1201 422 1283 Bergkii
448 1201 668 1264 coniecturam
692 1222 757 1264 non
780 1205 883 1267 minus
907 1200 1020 1265 salsam
1044 1222 1128 1277 esse,
1160 1223 1257 1284 quam
1281 1211 1400 1286 cetera,
1432 1221 1520 1284 quae

287 1291 339 1353 ‘vir
363 1291 571 1353 doctissimus
603 1291 645 1352 de
668 1292 737 1372 pari
761 1292 955 1355 arbitrorum
987 1311 1166 1355 numeroe
1200 1291 1334 1372 singulis
1367 1289 1519 1352 tribubus

292 1388 423 1461 sumpto
448 1388 481 1442 et
497 1379 538 1441 de
554 1379 702 1442 universo
726 1400 860 1443 numero
884 1390 1014 1444 centum
1037 1381 1209 1461 sexaginta
1232 1379 1283 1444 vel
1302 1380 1519 1442 ducentorum

285 1469 508 1550 -quadraginta
530 1467 583 1529 vel
606 1467 746 1550 denique
768 1469 1079 1552 quadringentorum
1095 1469 1310 1552 quadraginta
1324 1468 1520 1531 arbitrorum

291 1559 387 1620 nimis
410 1557 568 1620 audacter
591 1557 739 1626 coniecit.
787 1557 882 1638 Quae
906 1579 979 1621 cum
1003 1578 1069 1620 non
1092 1558 1290 1639 argumentis
1314 1557 1425 1632 mod0‚
1458 1556 1519 1619 sed

294 1645 392 1708 rebus
426 1647 504 1726 ipsis
538 1643 723 1722 refutentur,
760 1657 943 1727 praetereo.
1001 1646 1103 1710 Simul
1138 1655 1172 1708 et
1206 1643 1413 1730 Rangabei1)
1447 1665 1519 1709 sen·

285 1735 401 1809 utentia,
427 1735 481 1816 qui
504 1735 711 1815 ἐπιλαχόντας
734 1736 927 1800 arbitrorum
956 1733 1054 1799 fuisse
1078 1735 1244 1798 existimat
1252 1733 1279 1820 Β)
1312 1743 1346 1796 et
1374 1734 1521 1796 Wester·
1596 1817 1597 1822 ἵ

293 1824 401 1887 manni
411 1821 434 1908 8)
464 1832 579 1886 acutae
609 1823 682 1886 illae
706 1825 847 1906 quidem,
880 1825 940 1888 sed
963 1824 1156 1888 artificiosae
1182 1824 1223 1886 de
1247 1823 1374 1886 arbitris
1398 1843 1416 1886 e
1440 1823 1520 1886 iudi·
1596 1859 1597 1868 .

286 1913 385 1976 cibus
408 1912 583 1974 heliasticis
606 1914 755 1976 creandis
778 1916 1069 1976 commentationes
1093 1920 1245 1976 corruunt
1267 1921 1301 1976 et
1324 1911 1519 1980 dilabuntur.

292 2001 398 2064 Nobis
421 2000 601 2063 Aristotele
626 2001 711 2066 duce
734 2001 788 2065 hic
805 2004 1001 2084 argutiarum
1015 2003 1120 2066 nodus
1136 2001 1325 2083 simpliciter
1340 2001 1519 2065 solvendus

293 2099 355 2154 est.
404 2089 510 2170 Supra
541 2090 834 2155 demonstravimus
864 2094 953 2155 cives
985 2093 1226 2172 sexagesimum
1258 2091 1373 2153 aetatis
1397 2109 1520 2152 annum

293 2187 429 2261 agentes
452 2178 645 2241 arbitrorum
669 2201 801 2244 munere
824 2180 952 2245 functos
975 2199 1059 2243 esse.
1091 2181 1252 2242 Numerus
1268 2181 1364 2260 igitur
1382 2179 1518 2260 singulis

291 2268 385 2330 annis
408 2287 473 2329 non
495 2287 627 2348 semper
648 2269 736 2332 idem
760 2268 956 2355 manebat4).
987 2269 1053 2332 Tot
1076 2269 1185 2332 arbitri
1209 2277 1310 2348 erant,
1335 2277 1415 2352 quot
1430 2269 1519 2331 cives

289 2359 536 2437 sexagesimum
559 2358 676 2420 aetatis
699 2379 818 2421 annum
841 2359 995 2440 agebant,
1019 2359 1073 2420 vel
1095 2359 1203 2439 potius
1226 2366 1277 2420 tot
1292 2357 1413 2434 arbitri,
1437 2366 1520 2439 quot

294 2467 340 2510 ex
363 2446 423 2508 illis
447 2453 535 2508 sorte
559 2446 759 2518 creabantur,

338 2535 422 2596 Nam
445 2534 512 2596 fieri
536 2537 651 2614 potuit,
674 2545 710 2599 ut
733 2557 798 2598 non
821 2556 936 2600 omnes
958 2537 1001 2599 ad
1024 2534 1101 2599 illud
1124 2556 1241 2599 munus
1265 2535 1414 2599 destinati
1430 2543 1520 2598 sorte

293 2623 367 2687 lites
390 2625 578 2703 acciperent
601 2624 644 2685 ad
660 2625 879 2692 iudicandum.
916 2625 990 2688 Hoc
1014 2625 1077 2687 iam
1094 2623 1231 2709 Bergk⁶)
1255 2632 1288 2686 et
1303 2621 1520 2709 Landwehrss)

283 2713 598 2790 animadverterunt,
623 2715 768 2797 quamvis
791 2713 872 2777 salsa
895 2715 926 2777 in
950 2714 1133 2778 universum
1150 2715 1192 2777 de
1208 2712 1337 2776 arbitris
1353 2713 1519 2778 sentirent.

289 2800 471 2882 Collegium
508 2809 616 2863 autem
651 2803 843 2866 arbitrorum
879 2823 922 2866 ex
953 2803 1103 2866 omnibus
1128 2803 1307 2886 designatis
1334 2801 1517 2864 constabat.

288 2891 318 2952 E
341 2890 457 2973 quibus
481 2909 538 2952 eos
562 2890 667 2955 solum
691 2892 841 2955 laudatos
866 2901 899 2955 et
922 2913 1046 2956 corona
1079 2894 1220 2956 donatos
1252 2911 1324 2954 esse
1348 2899 1520 2953 consenta·
1598 2961 1599 2970 χ

290 2999 387 3042 neum
411 2988 470 3058 est,
495 2981 549 3061 qui
573 2979 663 3044 litem
686 2981 738 3043 vel
762 3002 859 3045 unam
882 2990 972 3044 sorte
990 2991 1187 3063 acceperant
1203 2989 1237 3044 et
1253 2980 1519 3046 diiudicaverant.

334 3069 447 3150 Itaque
471 3087 514 3130 ex
530 3068 585 3132 illo
601 3069 694 3133 titulo
710 3091 730 3131 a
745 3071 864 3132 Rossio
888 3071 987 3147 edito,
1013 3071 1103 3154 quod
1127 3071 1169 3133 ad
1193 3088 1360 3132 numerum
1386 3069 1520 3148 desig-

290 3166 482 3220 natorum
513 3157 706 3222 arbitrorum
738 3160 863 3244 attinet,
895 3181 962 3222 non
994 3161 1039 3222 ita
1072 3161 1209 3223 multum
1233 3157 1375 3238 intellegi
1398 3165 1517 3237 potest.

291 3247 401 3311 Unum
424 3255 561 3326 apparet
578 3245 718 3309 Anticlis
741 3268 827 3310 anno
838 3246 861 3334 7)
885 3258 1017 3312 centum
1042 3258 1207 3351 quattuor·
1213 3247 1351 3310 arbitros
1374 3247 1418 3309 ad
1441 3245 1521 3308 iudi·

284 3336 432 3398 candum
448 3335 571 3397 electos
587 3354 677 3411 esse;
704 3346 784 3418 quot
807 3347 896 3400 sorte
920 3339 1085 3418 praeteriti
1102 3340 1175 3412 sint,
1200 3339 1398 3417 ignoramus,
1445 3333 1521 3396 Alia

290 3426 415 3486 ratione
440 3421 613 3510 Goodell⁸l
644 3445 813 3488 numerum
844 3427 1038 3490 arbitrorum
1069 3433 1259 3506 computare
1295 3432 1431 3486 conatus
1459 3431 1519 3486 est.

291 3511 458 3576 Conclusit
493 3512 578 3574 enim
614 3533 658 3576 ex
691 3516 818 3596 anglica
853 3516 997 3598 quadam
1022 3514 1230 3578 mortalitatis
1261 3511 1404 3597 tabula⁹)
1438 3520 1521 3574 inter

291 3603 402 3683 viginti
425 3600 521 3664 millia
554 3603 671 3664 civium
696 3624 795 3685 supra
818 3605 1042 3685 duodeviginti
1066 3623 1168 3665 annos
1195 3610 1343 3664 natorum
1367 3598 1521 3663 CCXXV

290 3689 355 3754 fere
379 3699 520 3754 aetatem
543 3692 803 3774 undesexaginta
826 3714 984 3782 annorum
1008 3692 1141 3767 habere,
1179 3711 1274 3773 quem
1298 3708 1468 3751 numerum
1491 3689 1519 3750 si

337 3935 359 4001 1)
379 3940 514 4004 Rangabe,
532 3939 593 3992 Ant
613 3940 779 4008 helleniques,
798 3941 849 3992 vol.
869 3942 904 4004 11,
923 3957 949 4006 p.
972 3941 1031 3990 767.

336 4006 409 4073 2>cl
430 4011 577 4076 Hubertp.
598 4007 668 4076 2475.

337 4078 358 4145 ⁸)
377 4081 479 4132 Bericht
509 4083 552 4131 nb.
572 4083 597 4131 d.
618 4083 649 4134 V.
669 4083 695 4133 d.
715 4084 749 4134 Κ
771 4082 797 4134 S.
817 4084 848 4133 G.
868 4083 893 4135 d.
913 4082 954 4132 W.
974 4101 1003 4132 zu
1035 4081 1148 4146 Leipzig.
1180 4079 1255 4143 1849,
1274 4095 1300 4144 p.
1326 4079 1378 4129 438
1404 4095 1441 4144 sq.
1479 4078 1520 4128 Cl.

294 4152 444 4217 Hubertp.
465 4154 507 4203 25.

327 4222 349 4322 ἒ)
369 4223 598 4347 {fllmrf‘u
615 4223 726 4358 1⁵3..
755 4295 802 4344 271

328 4295 555 4432 ‘'iWoehebsclir.
574 4367 592 4419 s.
612 4366 647 4418 kl.
667 4312 757 4417 Pliilol.
777 4335 825 4426 Ill.
843 4382 871 4431 p.
890 4367 981 4432 52112.
1064 4375 1069 4382 “

330 4434 351 4501 ³)
373 4436 494 4504 3257422.
514 4437 574 4489 Chr.
595 4455 609 4486 n

281 4506 367 4574 Ὗ)
369 4510 458 4562 Amet.
477 4510 565 4573 Journ.
585 4509 616 4558 ol
631 4508 723 4560 Philol.
743 4509 803 4570 XII,
822 4492 846 4568 3,
865 4525 892 4573 p.
912 4508 971 4562 320.

327 4577 350 4638 ⁹)
370 4581 562 4646 Northampton
582 4580 651 4630 table
671 4581 701 4629 os
716 4545 844 4644 mortality
863 4577 1068 4646 (1735-1-780)
