3240 5478
770 569 993 634 ..24-

268 731 506 813 praetereunda
529 739 579 793 est
588 729 625 810 ¹).
649 730 734 794 Tum
757 730 858 793 verba
880 725 1023 814 ἐκβάλλει
1053 731 1107 794 καὶ
1132 732 1240 812 ἀτιμοῖ
1258 731 1312 794 τὸν
1335 710 1496 813 διαιτητὴν

269 820 311 884 de
334 819 454 883 arbitro
478 839 610 884 munere
633 817 787 900 fungente
811 819 1030 901 intellegenda
1052 829 1137 896 sunt,
1162 821 1217 900 qui
1241 819 1397 881 rationem
1421 819 1496 880 red·

269 909 349 972 dere
373 928 438 971 non
461 908 605 972 debebat
616 905 649 994 ²).
689 908 848 970 Necnon
872 909 1015 991 ἐκβάλλει
1039 909 1081 971 de
1105 909 1226 970 arbitro
1251 928 1270 970 e
1293 907 1494 987 collegarum

266 999 424 1061 societate
448 999 553 1060 eiecto
577 997 699 1079 optime
723 997 848 1061 dicitur.
872 997 965 1060 Haec
989 996 1134 1060 sufficere
1150 997 1301 1060 videntur
1316 997 1358 1058 ad
1378 1015 1495 1058 eorum

267 1089 462 1150 sententiam
486 1085 715 1164 refellendam,
747 1086 800 1168 qui
831 1087 970 1156 εὐθύνας
1000 1087 1193 1150 arbitrorum
1217 1085 1314 1148 fuisse
1350 1105 1371 1147 e
1392 1085 1491 1148 Dem.

267 1175 410 1239 Midiana
433 1175 670 1244 concluserunt.
708 1174 846 1238 Huberti
875 1194 952 1238 vero
987 1183 1213 1256 argumentum
1244 1174 1494 1238 asimilitudine

266 1265 460 1328 arbitrorum
484 1283 557 1326 cum
580 1263 740 1327 iudicibus
755 1263 939 1328 'heliasticis
962 1266 1109 1345 petitum,
1134 1284 1217 1346 quos
1233 1264 1337 1326 nullas
1351 1282 1493 1345 unquam

266 1355 410 1417 rationes
426 1352 607 1416 reddidisse
630 1360 768 1426 constat,
793 1353 942 1434 accipere
959 1373 1023 1414 non
1036 1372 1196 1433 possum.
1219 1353 1393 1416 Plurimum
1405 1353 1493 1416 enim

266 1443 404 1506 interest
427 1444 510 1505 inter
532 1442 681 1522 iudicem,
707 1443 762 1525 qui
794 1462 868 1504 cum
902 1441 1070 1522 permultis
1093 1441 1161 1504 aliis
1185 1441 1338 1523 suffragia
1362 1440 1494 1504 occulta

266 1531 401 1610 ferebat,
419 1541 452 1594 et
463 1532 628 1610 arbitrum,
645 1531 698 1612 qui
710 1531 799 1594 solus
816 1530 991 1612 palamque
1003 1531 1084 1592 inter
1099 1530 1260 1612 litigantes
1274 1530 1492 1612 disceptabat,

265 1620 410 1683 Iudicem
434 1640 499 1682 non
522 1619 615 1682 facile
639 1620 809 1702 quisquam
833 1622 1025 1684 convincere
1040 1628 1178 1701 poterat,
1204 1619 1324 1681 arbiter
1342 1617 1493 1682 omnibus

265 1709 389 1773 insidiis
413 1709 577 1786 obnoxius
600 1717 680 1771 erat.
716 1707 924 1791 Quamquam
956 1708 1053 1791 igitur
1081 1709 1240 1772 rationem
1265 1707 1403 1770 reddere
1426 1727 1493 1770 non

266 1797 390 1874 debuit,
415 1807 525 1861 tamen
549 1798 720 1878 εἰσαγγελία
744 1799 899 1861 adversus
923 1817 995 1860 eum
1020 1799 1167 1878 patebat,
1203 1815 1287 1878 quae
1317 1797 1403 1860 actio
1427 1815 1493 1859 non

266 1887 373 1950 minus
398 1885 574 1969 improvisa
597 1894 631 1948 et
653 1886 837 1966 periculosa
864 1894 939 1962 erat,
969 1906 1066 1969 quam
1090 1888 1231 1955 εὔδνναι,
1267 1887 1384 1966 Neque
1408 1885 1492 1947 enim

266 1977 309 2038 ad
333 1975 548 2040 deterrendos
571 1974 676 2038 solum
700 1976 741 2037 ab
765 1975 877 2038 iniuria
899 1974 1090 2038 arbitrorum
1115 1975 1241 2038 animos
1265 1974 1386 2038 idonea
1410 1983 1491 2053 erat,

265 2065 326 2128 sed
350 2066 447 2128 etiam
471 2064 513 2126 ad
544 2064 704 2144 privatam
736 2065 863 2126 cladem
887 2063 1117 2128 ulciscendam.

265 2153 464 2236 {Proxima
477 2153 625 2234 quaestio
638 2161 697 2237 est,
722 2153 892 2234 quomodo
912 2153 994 2215 haec
1014 2153 1206 2235 εἰσαγγελίας
1221 2152 1308 2215 actio
1321 2152 1445 2214 intenta
1460 2159 1493 2214 et

265 2253 401 2323 peracta
430 2243 480 2305 sit.
535 2241 588 2303 Ac
608 2242 718 2322 Bergk
737 2239 936 2324 quidem⁸)a
962 2242 1144 2318 Frankeli0,
1171 2241 1303 2332 lipsio,
1341 2240 1492 2302 Huberto

264 2349 472 2411 summopere
484 2329 632 2392 laudatus
654 2332 710 2413 τὴν
732 2331 909 2393 τελευταίαν
924 2333 1049 2414 ἡμέραν
1064 2337 1129 2394 τῶν
1143 2331 1310 2413 διαιτητῶν
1330 2328 1491 2391 intellexit

264 2420 412 2482 ultimum
436 2439 626 2482 consessum
650 2418 778 2500 collegii
802 2419 1005 2485 arbitrorum.
1031 2418 1139 2500 Quam
1163 2417 1431 2500 significationem
1452 2417 1492 2484 R.

265 2507 376 2571 Schdll
392 2508 570 2570 inauditam
585 2507 738 2588 nominat,
754 2509 821 2570 iure
832 2507 980 2584 arbitror,
999 2508 1026 2571 si
1046 2509 1146 2570 verba
1158 2527 1325 2588 urgemus.
1350 2503 1417 2569 Sed
1434 2501 1489 2567 for·

264 2607 353 2660 tasse
371 2597 465 2659 nobis
482 2598 660 2678 continget,
685 2606 729 2676 ut,
743 2598 832 2680 quod
852 2596 960 2678 Bergk
983 2607 1073 2660 recte
1096 2597 1214 2670 sensit,
1229 2617 1303 2658 cum
1320 2594 1492 2659 verborum

266 2707 327 2749 usu
350 2687 447 2748 artius
464 2685 709 2766 coniungamus.
728 2683 775 2748 Ἡ
784 2687 941 2749 τελευταία
958 2687 1064 2768 ἡμέρα
1081 2691 1145 2748 τῶν
1162 2686 1328 2769 διαιτητῶν
1344 2683 1491 2748 ultimum

265 2783 355 2838 certe
371 2775 511 2837 muneris
527 2775 614 2838 diem
631 2774 800 2856 significat.
826 2773 860 2837 Si
876 2775 995 2838 eodem
1012 2775 1064 2838 die
1088 2783 1122 2838 et
1137 2774 1283 2837 ultimum
1301 2792 1491 2836 consessum

265 2884 379 2927 eorum
411 2862 510 2926 fuisse
541 2862 804 2949 probaverimus,
835 2864 868 2926 id
899 2864 988 2944 quod
1019 2863 1167 2938 volumus
1198 2863 1338 2926 assecuti
1361 2863 1491 2928 erimus.

264 2953 319 3015 Ac
342 2953 449 3033 plures
473 2952 606 3034 quidem
630 2972 804 3015 consessus
819 2952 861 3014 illi
878 2953 982 3033 primo
998 2954 1216 3033 praecessisse
1233 2953 1354 3014 docent
1370 2949 1487 3013 verba:

261 3044 306 3112 εἰς
328 3045 366 3123 ἣν
389 3043 407 3104 δ
431 3041 492 3123 μὲν
515 3041 593 3122 ἦλθε
615 3046 680 3102 τῶν
704 3041 879 3125 διαιτητῶν,
904 3041 1051 3105 ὁδόὓκ
1075 3041 1163 3123 tilde.
1203 3041 1288 3104 Nam
1322 3036 1491 3102 manifeste

262 3138 473 3211 opponuntur
496 3130 620 3209 priores
644 3129 731 3206 dies,
756 3131 873 3210 quibus
890 3150 1004 3192 omnes
1022 3139 1250 3204 convenerant,
1277 3128 1391 3191 ultimo
1418 3127 1490 3205 diei,

262 3239 329 3302 quo
353 3219 558 3299 neglegentia
581 3226 676 3280 aucta
701 3238 820 3299 magna
843 3239 918 3300 pars
942 3219 1031 3281 domi
1054 3217 1216 3281 manebat.
1251 3217 1325 3298 Qua
1347 3237 1428 3280 vero
1453 3216 1493 3278 de

263 3328 365 3372 causa
388 3317 439 3370 tot
463 3306 602 3370 defuisse
625 3307 797 3387 putemus?
834 3308 932 3388 Quod
963 3308 1028 3370 boc
1060 3308 1113 3371 die
1146 3328 1218 3369 raro
1242 3315 1415 3368 accusator
1438 3325 1494 3369 ex·

263 3398 358 3461 stitit.
383 3397 518 3459 Parvum
544 3397 628 3457 enim
659 3397 815 3476 temporis
848 3397 988 3476 spatium
1012 3388 1179 3477 supererat
1203 3404 1235 3457 et
1258 3395 1360 3458 multo
1386 3395 1493 3457 diffici-

263 3488 324 3552 lius
350 3485 545 3563 habebatur,
578 3504 617 3546 ea
648 3484 731 3546 hora
762 3485 957 3547 arbitrorum
980 3488 1104 3548 animos
1128 3486 1170 3547 ad
1193 3486 1401 3546 severitatem
1425 3503 1493 3566 per-

264 3595 410 3638 movere.
437 3573 518 3654 Quis
543 3573 629 3634 enim
654 3594 720 3636 non
744 3576 852 3636 animo
876 3583 1111 3652 commovetur,
1146 3575 1216 3655 quis
1240 3593 1306 3635 non
1329 3573 1438 3636 mitior
1460 3571 1495 3635 fit

262 3665 337 3746 ipso
363 3663 438 3724 anni
463 3664 565 3735 exitu,
589 3663 763 3743 praecipue
787 3683 866 3743 erga
882 3664 1036 3744 collegaS,
1062 3684 1136 3726 cum
1153 3662 1269 3743 quibus
1285 3661 1378 3724 XLII
1393 3680 1494 3724 annos

262 3754 390 3832 integre
416 3753 448 3814 in
471 3751 611 3832 publicis
635 3752 751 3813 officiis
774 3751 1015 3831 perseveravit?
1054 3752 1174 3814 Midias
1198 3759 1316 3824 autem,
1341 3771 1405 3831 qua
1430 3758 1496 3811 erat

263 3843 460 3905 auctoritate
469 3839 494 3926 4)
517 3849 550 3903 et
566 3840 762 3922 eloquentia,
786 3841 850 3903 hoc
867 3843 939 3921 ipso
955 3849 1105 3921 tempore
1121 3839 1264 3922 perfecit,
1281 3839 1370 3920 quod
1386 3838 1493 3905 voluit.

309 3930 413 3991 Multo
445 3928 603 3991 difficilius
623 3939 675 3992 est
702 3930 883 3992 accuratius
901 3929 1046 4004 definire,
1072 3938 1153 4010 quot
1177 3948 1349 3992 consessus
1373 3927 1415 3988 illi
1441 3947 1494 4009 po·

262 4028 386 4080 stremo
416 4020 663 4098 praecesserint,
714 4019 799 4079 Nam
824 4039 907 4099 quae
931 4018 1040 4099 Bergk
1063 4019 1105 4080 de
1140 4017 1274 4101 singulis
1305 4016 1494 4078 arbitrorum

262 4107 424 4191 prytaniis
460 4116 492 4169 et
524 4108 565 4169 de
597 4126 733 4169 numero
768 4126 979 4168 consessuum
1011 4105 1210 4188 singulorum
1241 4108 1273 4168 in
1303 4123 1495 4188 unaquaque

263 4199 419 4278 prytania
446 4193 587 4276 profert,
620 4196 695 4259 nihil
725 4196 786 4258 nisi
817 4198 1023 4260 coniecturae
1058 4205 1133 4258 sunt
1156 4194 1375 4258 fundamentis
1398 4193 1495 4256 firmis

305 4374 328 4474 ζ)
349 4376 390 4426 Cf.
410 4374 518 4457 ¹Lipsius,
538 4376 571 4426 D.
585 4381 628 4424 att.
648 4370 735 4425 Proc.2
754 4389 780 4437 p.
801 4373 882 4439 333)4
901 4375 957 4425 adn.
973 4374 1034 4428 381.

305 4445 327 4577 d
347 4446 545 4567 {rnqqaw
564 4516 638 4566 1849.
657 4533 682 4580 p.
697 4511 785 4580 rvris.

306 4587 327 4640 ⁴l
348 4589 411 4638 Mid.
431 4585 446 4654 ξ
466 4587 517 4636 205
537 4603 574 4651 sq.
