3240 5478
777 582 1001 646 ..28-

272 761 358 826 αὖσα
367 760 449 845 δίκη,
463 761 525 824 iam
533 761 693 824 Demetrii
704 757 852 823 Phalerei
864 761 1067 841 temporibus
1076 761 1268 826 arbitrorum
1278 765 1516 827 auctoritatem

279 850 469 914 defloruisse
484 859 518 913 et
528 851 661 913 decreta
674 869 718 911 ex
734 849 872 938 Anticlis
889 859 922 914 et
937 850 1111 931 Phrynichi
1123 851 1315 915 archontum
1330 853 1421 915 annis
1436 873 1516 918 ser-

273 948 352 1002 vata
375 959 449 1002 cum
472 939 535 1001 hac
558 959 593 1002 re
618 939 796 1001 coniunxit.
832 939 882 1002 Ea
897 939 939 1001 de
963 959 1061 1002 causa
1079 939 1151 1002 illos
1166 939 1347 1005 honoratos
1364 961 1446 1027 esse,
1473 951 1519 1003 ut

276 1028 471 1092 arbitrorum
494 1028 668 1090 auctoritas
692 1027 801 1090 denuo
826 1026 1055 1093 effloresceret.
1092 1027 1160 1092 Sed
1191 1049 1253 1091 nec
1276 1051 1360 1114 quae
1384 1030 1436 1093 ille
1459 1032 1518 1093 vir

277 1117 396 1181 doctus
419 1136 438 1181 e
461 1116 526 1178 lex.
544 1115 636 1178 Cant.
653 1116 714 1178 sibi
730 1116 833 1201 finxit,
857 1136 919 1178 nec
936 1137 1020 1199 quae
1037 1117 1079 1179 de
1097 1119 1295 1181 ornamentis
1311 1118 1514 1182 arbitrorum

271 1206 418 1287 collegio
449 1205 589 1269 decretis
620 1205 767 1280 coniecit,
798 1206 876 1268 satis
906 1205 1178 1269 iustam'causam
1202 1207 1324 1270 habere
1348 1202 1514 1271 uidentur.

273 1295 361 1358 Nam
397 1303 431 1357 et
464 1294 526 1356 alia
559 1292 699 1375 collegia
722 1293 823 1377 (velut
845 1295 980 1378 βουλήν)
1017 1303 1050 1357 et
1073 1295 1218 1377 singulos
1241 1298 1446 1378 magistratus
1473 1306 1515 1359 et

271 1384 467 1446 sacerdotes
481 1383 621 1446 muneris
636 1403 723 1445 anno
735 1393 872 1465 peracto
888 1384 1019 1448 laudare
1036 1393 1070 1466 et
1085 1385 1214 1448 coronis
1234 1405 1350 1448 ornare
1364 1385 1516 1450 Athenis

279 1473 487 1535 consuetudo
516 1480 595 1557 erat,
619 1491 682 1534 nec
706 1472 883 1554 quidquam
906 1474 983 1536 inde
1007 1473 1160 1555 colligere
1184 1474 1270 1538 licet.

323 1561 529 1624 Arbitrorum
559 1561 657 1644 igitur
687 1561 859 1642 collegium
890 1570 980 1624 certe
1005 1563 1138 1626 exstitit.
1186 1563 1255 1627 Sed
1281 1563 1448 1647 quomodo
1474 1564 1517 1626 id

272 1651 414 1714 divisum
439 1659 473 1712 et
495 1651 674 1713 institutum
706 1649 804 1714 fuisse
835 1650 1008 1733 putemus?
1038 1651 1133 1715 Falsa
1163 1653 1359 1734 redarguere
1383 1651 1515 1716 facilius

272 1741 348 1816 erit,
384 1759 481 1820 quam
505 1737 640 1802 meliora
663 1759 862 1820 proponere.
913 1739 1024 1821 Bergk
1058 1761 1133 1802 cum
1165 1740 1303 1803 arbitros
1325 1743 1517 1804 secundum

274 1828 382 1892 tribus
401 1836 490 1890 sorte
506 1835 635 1890 creatos
648 1847 723 1890 esse
741 1837 903 1906 censeret,
927 1829 1120 1893 arbitrorum
1144 1830 1319 1914 collegium
1343 1830 1518 1893 indecem

279 1917 454 2002 prytaniaS‚
476 1937 560 1998 quae
576 1935 620 1979 ex
635 1917 763 1980 arbitris
780 1917 977 2001 singularum
993 1918 1134 1983 tribuum
1150 1927 1345 1997 constarent,
1370 1920 1517 1982 divisum

274 2006 389 2070 voluit.
437 2004 531 2086 Quae
562 2007 672 2068 omnia
702 2007 831 2070 Hubert
862 2007 948 2070 bene
980 2007 1095 2070 retellit
1119 2017 1152 2070 et
1175 2007 1314 2070 arbitros
1337 2027 1356 2070 e
1379 2010 1515 2073 cunctis

275 2095 411 2170 civibus,
438 2114 502 2156 non
526 2114 545 2158 e
568 2093 725 2172 tribubus,
750 2105 837 2158 sorte
860 2105 989 2159 creatos
1014 2116 1089 2161 esse
1113 2097 1293 2171 contendit,
1329 2105 1516 2179 postquam

280 2181 467 2248 Schomann
498 2191 620 2246 rectam
654 2185 954 2266 interpretationem
989 2182 1111 2269 (Dem,)
1134 2206 1180 2254 or.
1198 2185 1240 2247 47
1265 2183 1284 2269 ξ
1305 2185 1342 2246 12
1378 2186 1517 2253 invenit.

275 2271 350 2337 Sed
389 2293 474 2355 quae
512 2271 641 2336 Hubert
679 2273 724 2355 (p.
761 2271 815 2360 30)
855 2274 896 2335 de
934 2274 1109 2356 partitione
1147 2273 1275 2356 collegii
1314 2273 1518 2340 arbitrorum

280 2383 365 2424 nova
388 2363 570 2424 construxit
593 2369 626 2422 et
650 2361 780 2442 Lipsius
791 2362 813 2448 ¹)
837 2363 990 2442 laudavit,
1016 2383 1078 2424 nec
1094 2363 1279 2427 necessaria
1295 2382 1356 2425 nec
1373 2363 1517 2427 meliora

275 2459 362 2514 sunt.
388 2451 485 2515 Nam.
510 2470 528 2511 e
552 2450 603 2512 Ps.
627 2449 863 2514 Demosthenis
886 2451 993 2514 verbis
1010 2453 1141 2516 minime
1158 2452 1420 2515 concludendum
1445 2462 1516 2530 est,

275 2541 476 2604 arbitrorum
501 2538 676 2619 collegium
700 2542 730 2602 in
756 2540 874 2602 decern
890 2549 998 2622 partes
1014 2541 1148 2622 singulis
1163 2541 1311 2604 tribubus
1328 2541 1516 2606 destinatas

274 2629 416 2691 »divisum
432 2625 540 2703 luisse,
562 2628 621 2690 sed
639 2629 839 2710 singulae
855 2629 993 2693 tribus
1011 2638 1130 2692 certa
1146 2630 1240 2691 loca
1256 2629 1516 2709 habuerunt,

276 2717 350 2779 ubi
373 2716 528 2779 arbitri
553 2737 705 2780 causas
730 2737 881 2797 eorum,
907 2719 1045 2799 quiex
1068 2719 1142 2782 illa
1164 2719 1282 2781 tribu
1307 2723 1515 2785 accusati

274 2814 418 2880 erant,
443 2806 727 2870 instruebant.
754 2806 908 2869 Omnium
924 2813 1032 2870 autern
1049 2809 1230 2870 sententiae
1254 2827 1297 2870 ex
1320 2807 1374 2870 illo
1398 2809 1514 2889 lapide

273 2893 321 2956 ab
346 2894 526 2956 Aristotele
549 2893 634 2977 (cap.
661 2895 712 2974 55,
738 2893 770 2981 5)
794 2905 1051 2959 commemorato
1076 2897 1377 2977 pronuntiabantur.
1412 2897 1516 2978 Quae

281 3003 381 3064 supra
406 2983 573 3064 disputata
596 2983 690 3046 latius
714 2993 864 3064 repetere
887 2985 996 3047 inutile
1019 2993 1080 3054 est.

327 3072 504 3135 Indivisum
529 3072 625 3153 igitur
647 3072 843 3136 arbitrorum
867 3073 1040 3155 collegium
1058 3083 1128 3136 erat
1143 3094 1205 3137 nec
1221 3083 1287 3136 tam
1304 3083 1374 3136 arte
1391 3075 1514 3138 cohae-

276 3162 385 3240 rebat,
411 3182 509 3242 quam
533 3161 595 3223 alia
611 3161 758 3242 collegia,
783 3181 867 3244 quae
883 3165 1012 3244 saepius
1030 3163 1279 3226 conveniebant.
1305 3163 1413 3226 Unum
1430 3183 1515 3227 vero

276 3251 325 3314 de
349 3250 502 3331 praeside
527 3249 656 3330 collegii
680 3252 901 3315 testimonium
926 3253 1098 3336 habemus
1123 3253 1220 3316 Dem.
1239 3252 1317 3314 Mid.
1339 3250 1416 3337 §87
1440 3255 1512 3315 πεί-

282 3363 341 3410 σας
363 3339 418 3403 τὸν
435 3341 669 3421 πρυτανεύοντα
686 3340 797 3403 δοῦναι
819 3341 875 3423 τὴν
899 3348 1013 3423 ψῆφον
1037 3340 1126 3422 παρὰ
1141 3343 1261 3410 πάντας
1283 3340 1357 3410 τοὺς
1372 3342 1510 3424 νόμους.

284 3428 349 3509 Qui
374 3449 448 3490 cum
472 3429 689 3510 πρυτανεύων,
714 3448 779 3490 αοα
803 3432 955 3510 πρύτανις
971 3429 1105 3503 dicatur,
1130 3431 1243 3492 nonin
1260 3431 1412 3493 omnibus
1435 3451 1515 3493 con·

278 3518 430 3582 sessibus
454 3517 542 3580 idem
565 3517 663 3579 luisse
677 3518 810 3580 videtur.
837 3517 903 3580 Sed
926 3539 946 3580 a
969 3538 1035 3600 quo
1060 3527 1093 3580 et
1116 3519 1286 3600 quomodo
1310 3528 1437 3583 creatus
1460 3521 1514 3601 sit,

283 3608 344 3670 nisi
367 3606 562 3669 coniecturis
589 3606 771 3686 investigari
807 3626 872 3667 non
895 3616 1014 3686 potest.
1055 3608 1191 3671 Praeses
1215 3607 1284 3669 sine
1309 3608 1408 3670 dubio
1432 3630 1517 3672 unus

278 3717 329 3759 ex
352 3695 479 3757 arbitris
502 3692 604 3780 fuit2).
645 3693 830 3757 Secundum
862 3694 1060 3780 prytaniasl)
1086 3696 1160 3776 eligi
1192 3716 1259 3757 non
1281 3697 1396 3777 potuit,
1422 3701 1517 3779 quod

284 3787 453 3865 prytaniae
485 3785 678 3846 arbitrorum
715 3803 781 3846 non
815 3785 949 3848 suerunt.
998 3784 1067 3848 Sed
1101 3785 1189 3847 aliud
1212 3785 1290 3847 mihi
1314 3787 1345 3847 in
1370 3797 1518 3849 mentem

280 3873 381 3936 venit.
445 3871 671 3953 Quadraginta
708 3875 795 3935 viros
834 3873 1021 3955 catalogum
1060 3873 1254 3936 arbitrorum
1293 3873 1324 3936 in
1362 3875 1519 3939 manibus

285 3962 440 4023 habuisse
479 3971 512 4022 et
551 3962 627 4023 inde
666 3961 799 4042 singulis
845 3964 952 4024 causis
990 3963 1128 4025 arbitros
1166 3973 1254 4026 sorte
1292 3963 1433 4044 elegisse
1471 3984 1520 4027 ex

284 4050 471 4113 Aristotelis
506 4069 579 4131 cap.
604 4048 657 4114 53.
682 4048 744 4133 §5
781 4051 946 4120 discimus,
984 4051 1072 4132 Quid
1096 4053 1298 4115 verisimilius
1321 4061 1381 4128 est,
1415 4072 1518 4133 quam

279 4140 424 4204 eosdem
448 4137 640 4200 arbitrorum
675 4138 815 4220 collegio
851 4160 949 4203 unum
984 4161 1029 4204 ex
1063 4144 1213 4204 universo
1244 4161 1355 4204 eorum
1379 4161 1518 4204 numero

284 4238 373 4291 sorte
409 4236 551 4289 creatum
586 4227 799 4308 praefecisse,
838 4231 1098 4311 quotiescunque
1132 4232 1174 4293 ad
1209 4249 1400 4294 consessum
1436 4251 1519 4294 con-

282 4315 482 4379 veniebant?

326 4531 345 4594 ¹)
365 4532 398 4580 D.
419 4537 463 4578 att.
482 4525 571 4578 Ρτοα.2
589 4547 614 4593 p.
635 4529 712 4581 1015.

322 4600 345 4666 ν)
365 4601 403 4652 cr.
418 4600 501 4664 Bergk
520 4603 547 4650 z.
562 4601 579 4650 r.
593 4601 618 4650 α.
632 4604 662 4649 Α.
678 4603 718 4649 u.
736 4602 812 4664 1849,
830 4617 855 4666 p.
871 4602 934 4663 πα
954 4603 1055 4651 Hubert
1073 4619 1099 4667 p.
1114 4603 1155 4654 54.
1175 4602 1262 4650 auson
1281 4619 1307 4666 p.
1322 4603 1380 4654 αττ.

324 4671 345 4736 ³)
365 4673 406 4726 Cf.
424 4671 508 4736 Bergk
526 4672 619 4722 ibidem
639 4680 665 4721 et
684 4671 784 4738 Lipsius
804 4675 836 4722 D.
851 4681 896 4721 att.
910 4669 960 4733 P.²‚
978 4689 1007 4738 p.
1021 4674 1079 4723 334.
1101 4674 1160 4720 adn.
1175 4674 1217 4722 38.
