<?xml version="1.0" encoding="UTF-8"?>
<!DOCTYPE html PUBLIC "-//W3C//DTD XHTML 1.0 Transitional//EN"
    "http://www.w3.org/TR/xhtml1/DTD/xhtml1-transitional.dtd">
<html xmlns="http://www.w3.org/1999/xhtml" xml:lang="en" lang="en">
 <head>
  <title>
</title>
<meta http-equiv="Content-Type" content="text/html;charset=utf-8" />
  <meta name='ocr-system' content='tesseract 3.04.00' />
  <meta name='ocr-capabilities' content='ocr_page ocr_carea ocr_par ocr_line ocrx_word'/>
</head>
<body>
  <div class='ocr_page' id='page_1' title='image "./dearbitrisathen00piscgoog_0030.png"; bbox 0 0 3240 5478; ppageno 0'>
   <div class='ocr_carea' id='block_1_1' title="bbox 617 623 838 686">
    <p class='ocr_par' dir='ltr' id='par_1_1' title="bbox 617 623 838 686">
     <span class='ocr_line' id='line_1_1' title="bbox 617 623 838 686; baseline 0.005 -16"><span class='ocrx_word' id='word_1_1' title='bbox 617 623 838 686; x_wconf 66' lang='lat'>,27-</span> 
     </span>
    </p>
   </div>
   <div class='ocr_carea' id='block_1_2' title="bbox 101 802 1343 886">
    <p class='ocr_par' dir='ltr' id='par_1_2' title="bbox 101 802 1343 886">
     <span class='ocr_line' id='line_1_2' title="bbox 101 802 1343 886; baseline 0.002 -22"><span class='ocrx_word' id='word_1_2' title='bbox 101 823 251 884; x_wconf 92' lang='lat' dir='ltr'>poenam</span> <span class='ocrx_word' id='word_1_3' title='bbox 267 820 397 882; x_wconf 85' lang='lat' dir='ltr'><strong>semper</strong></span> <span class='ocrx_word' id='word_1_4' title='bbox 409 803 611 864; x_wconf 84' lang='lat' dir='ltr'>aestimatam</span> <span class='ocrx_word' id='word_1_5' title='bbox 632 822 706 864; x_wconf 89' lang='lat' dir='ltr'>esse</span> <span class='ocrx_word' id='word_1_6' title='bbox 727 811 759 864; x_wconf 90' lang='lat' dir='ltr'>et</span> <span class='ocrx_word' id='word_1_7' title='bbox 771 802 853 866; x_wconf 89' lang='lat' dir='ltr'>ultra</span> <span class='ocrx_word' id='word_1_8' title='bbox 867 802 983 884; x_wconf 91' lang='lat' dir='ltr'>capitis</span> <span class='ocrx_word' id='word_1_9' title='bbox 998 802 1254 866; x_wconf 87' lang='lat' dir='ltr'>deminutionem</span> <span class='ocrx_word' id='word_1_10' title='bbox 1267 804 1343 886; x_wconf 89' lang='lat' dir='ltr'>ipso</span> 
     </span>
    </p>
   </div>
   <div class='ocr_carea' id='block_1_3' title="bbox 102 890 1347 2129">
    <p class='ocr_par' dir='ltr' id='par_1_3' title="bbox 102 890 1347 2129">
     <span class='ocr_line' id='line_1_3' title="bbox 102 890 1339 973; baseline 0 -19"><span class='ocrx_word' id='word_1_11' title='bbox 102 893 176 954; x_wconf 90' lang='lat' dir='ltr'>iure</span> <span class='ocrx_word' id='word_1_12' title='bbox 189 892 365 971; x_wconf 83' lang='lat' dir='ltr'>irrogatam</span> <span class='ocrx_word' id='word_1_13' title='bbox 379 890 533 952; x_wconf 89' lang='lat' dir='ltr'>damnum</span> <span class='ocrx_word' id='word_1_14' title='bbox 546 892 730 954; x_wconf 86' lang='lat' dir='ltr'>accusatori</span> <span class='ocrx_word' id='word_1_15' title='bbox 741 891 977 955; x_wconf 91' lang='lat' dir='ltr'>restituendum</span> <span class='ocrx_word' id='word_1_16' title='bbox 990 891 1088 954; x_wconf 87' lang='lat' dir='ltr'>fuisse</span> <span class='ocrx_word' id='word_1_17' title='bbox 1101 901 1223 962; x_wconf 82' lang='lat' dir='ltr'>censet.</span> <span class='ocrx_word' id='word_1_18' title='bbox 1237 893 1339 973; x_wconf 91' lang='lat' dir='ltr'>Lipsii</span> 
     </span>
     <span class='ocr_line' id='line_1_4' title="bbox 103 980 1340 1066; baseline -0.001 -23"><span class='ocrx_word' id='word_1_19' title='bbox 103 981 305 1044; x_wconf 83' lang='lat' dir='ltr'>sententiam</span> <span class='ocrx_word' id='word_1_20' title='bbox 327 980 472 1042; x_wconf 83' lang='lat' dir='ltr'>veritatis</span> <span class='ocrx_word' id='word_1_21' title='bbox 492 981 656 1062; x_wconf 89' lang='lat' dir='ltr'>quandam</span> <span class='ocrx_word' id='word_1_22' title='bbox 673 983 817 1062; x_wconf 90' lang='lat' dir='ltr'>speciem</span> <span class='ocrx_word' id='word_1_23' title='bbox 838 980 960 1066; x_wconf 90' lang='lat' dir='ltr'>habere</span> <span class='ocrx_word' id='word_1_24' title='bbox 976 981 1135 1066; x_wconf 80' lang='lat' dir='ltr'>concedo,</span> <span class='ocrx_word' id='word_1_25' title='bbox 1153 983 1212 1047; x_wconf 88' lang='lat' dir='ltr'>sed</span> <span class='ocrx_word' id='word_1_26' title='bbox 1228 981 1340 1043; x_wconf 91' lang='lat' dir='ltr'>Meieri</span> 
     </span>
     <span class='ocr_line' id='line_1_5' title="bbox 103 1069 1341 1151; baseline -0.002 -18"><span class='ocrx_word' id='word_1_27' title='bbox 103 1079 142 1134; x_wconf 88' lang='lat' dir='ltr'>et</span> <span class='ocrx_word' id='word_1_28' title='bbox 168 1069 366 1132; x_wconf 78' lang='lat' dir='ltr'>Schbmanni</span> <span class='ocrx_word' id='word_1_29' title='bbox 390 1071 705 1149; x_wconf 86' lang='lat' dir='ltr'>argumentationem</span> <span class='ocrx_word' id='word_1_30' title='bbox 729 1070 861 1132; x_wconf 89' lang='lat' dir='ltr'>laudare</span> <span class='ocrx_word' id='word_1_31' title='bbox 885 1089 949 1130; x_wconf 92' lang='lat' dir='ltr'>non</span> <span class='ocrx_word' id='word_1_32' title='bbox 970 1091 1117 1151; x_wconf 89' lang='lat' dir='ltr'>possum.</span> <span class='ocrx_word' id='word_1_33' title='bbox 1143 1069 1268 1134; x_wconf 91' lang='lat' dir='ltr'>Omnes</span> <span class='ocrx_word' id='word_1_34' title='bbox 1285 1090 1341 1132; x_wconf 91' lang='lat' dir='ltr'>an-</span> 
     </span>
     <span class='ocr_line' id='line_1_6' title="bbox 104 1158 1340 1242; baseline 0.001 -21"><span class='ocrx_word' id='word_1_35' title='bbox 104 1159 268 1241; x_wconf 89' lang='lat' dir='ltr'>tiquitatis</span> <span class='ocrx_word' id='word_1_36' title='bbox 291 1166 441 1220; x_wconf 88' lang='lat' dir='ltr'>auctores</span> <span class='ocrx_word' id='word_1_37' title='bbox 473 1167 505 1220; x_wconf 92' lang='lat' dir='ltr'>et</span> <span class='ocrx_word' id='word_1_38' title='bbox 528 1158 823 1242; x_wconf 87' lang='lat' dir='ltr'>ipseAristoteles</span> <span class='ocrx_word' id='word_1_39' title='bbox 847 1159 973 1240; x_wconf 81' lang='grc' dir='ltr'><em>ἀτιμίαν</em></span> <span class='ocrx_word' id='word_1_40' title='bbox 996 1160 1125 1221; x_wconf 90' lang='lat' dir='ltr'>actione</span> <span class='ocrx_word' id='word_1_41' title='bbox 1149 1161 1340 1241; x_wconf 80' lang='grc' dir='ltr'><em>εἰσαγγελίας</em></span> 
     </span>
     <span class='ocr_line' id='line_1_7' title="bbox 105 1247 1342 1332; baseline 0 -22"><span class='ocrx_word' id='word_1_42' title='bbox 105 1249 263 1311; x_wconf 82' lang='lat' dir='ltr'>effectam</span> <span class='ocrx_word' id='word_1_43' title='bbox 288 1266 361 1309; x_wconf 89' lang='lat' dir='ltr'>esse</span> <span class='ocrx_word' id='word_1_44' title='bbox 385 1247 527 1322; x_wconf 87' lang='lat' dir='ltr'>tradunt,</span> <span class='ocrx_word' id='word_1_45' title='bbox 551 1267 649 1310; x_wconf 92' lang='lat' dir='ltr'>nemo</span> <span class='ocrx_word' id='word_1_46' title='bbox 673 1247 769 1309; x_wconf 90' lang='lat' dir='ltr'>aliam</span> <span class='ocrx_word' id='word_1_47' title='bbox 793 1268 934 1328; x_wconf 91' lang='lat' dir='ltr'>poenam</span> <span class='ocrx_word' id='word_1_48' title='bbox 952 1258 1196 1314; x_wconf 89' lang='lat' dir='ltr'>commemorat.</span> <span class='ocrx_word' id='word_1_49' title='bbox 1221 1249 1342 1332; x_wconf 91' lang='lat' dir='ltr'>Itaque</span> 
     </span>
     <span class='ocr_line' id='line_1_8' title="bbox 104 1336 1341 1420; baseline 0 -21"><span class='ocrx_word' id='word_1_50' title='bbox 104 1338 134 1400; x_wconf 94' lang='lat' dir='ltr'>si</span> <span class='ocrx_word' id='word_1_51' title='bbox 172 1337 344 1418; x_wconf 80' lang='grc' dir='ltr'><em>εἰσαγγελία</em></span> <span class='ocrx_word' id='word_1_52' title='bbox 368 1357 388 1397; x_wconf 90' lang='lat' dir='ltr'>a</span> <span class='ocrx_word' id='word_1_53' title='bbox 411 1337 563 1416; x_wconf 88' lang='lat' dir='ltr'>praeside</span> <span class='ocrx_word' id='word_1_54' title='bbox 588 1336 714 1420; x_wconf 86' lang='lat' dir='ltr'>collegii</span> <span class='ocrx_word' id='word_1_55' title='bbox 739 1345 876 1418; x_wconf 88' lang='lat' dir='ltr'>accepta</span> <span class='ocrx_word' id='word_1_56' title='bbox 913 1346 999 1416; x_wconf 90' lang='lat' dir='ltr'>erat,</span> <span class='ocrx_word' id='word_1_57' title='bbox 1032 1346 1120 1400; x_wconf 89' lang='lat' dir='ltr'>certe</span> <span class='ocrx_word' id='word_1_58' title='bbox 1156 1339 1197 1402; x_wconf 91' lang='lat' dir='ltr'>de</span> <span class='ocrx_word' id='word_1_59' title='bbox 1233 1339 1341 1420; x_wconf 81' lang='grc' dir='ltr'><em>ἀτιμίᾳ</em></span> 
     </span>
     <span class='ocr_line' id='line_1_9' title="bbox 105 1424 1340 1506; baseline 0 -18"><span class='ocrx_word' id='word_1_60' title='bbox 105 1427 181 1490; x_wconf 91' lang='lat' dir='ltr'>sola</span> <span class='ocrx_word' id='word_1_61' title='bbox 216 1426 383 1506; x_wconf 83' lang='lat' dir='ltr'>agebatur.</span> <span class='ocrx_word' id='word_1_62' title='bbox 431 1424 498 1488; x_wconf 87' lang='lat' dir='ltr'>Sed</span> <span class='ocrx_word' id='word_1_63' title='bbox 521 1425 593 1488; x_wconf 79' lang='lat' dir='ltr'>sine</span> <span class='ocrx_word' id='word_1_64' title='bbox 614 1425 713 1488; x_wconf 92' lang='lat' dir='ltr'>dubio</span> <span class='ocrx_word' id='word_1_65' title='bbox 737 1427 980 1506; x_wconf 77' lang='grc' dir='ltr'><em>ὁπρυτανεύαιν</em></span> <span class='ocrx_word' id='word_1_66' title='bbox 1007 1434 1207 1506; x_wconf 91' lang='lat' dir='ltr'>potestatem</span> <span class='ocrx_word' id='word_1_67' title='bbox 1239 1427 1340 1488; x_wconf 90' lang='lat' dir='ltr'>habe·</span> 
     </span>
     <span class='ocr_line' id='line_1_10' title="bbox 105 1515 1342 1596; baseline -0.001 -19"><span class='ocrx_word' id='word_1_68' title='bbox 105 1516 168 1577; x_wconf 91' lang='lat' dir='ltr'>bat</span> <span class='ocrx_word' id='word_1_69' title='bbox 192 1515 342 1596; x_wconf 89' lang='lat' dir='ltr'>quamvis</span> <span class='ocrx_word' id='word_1_70' title='bbox 367 1533 433 1576; x_wconf 89' lang='lat' dir='ltr'>rem</span> <span class='ocrx_word' id='word_1_71' title='bbox 460 1522 492 1576; x_wconf 88' lang='lat' dir='ltr'>et</span> <span class='ocrx_word' id='word_1_72' title='bbox 516 1515 698 1596; x_wconf 88' lang='lat' dir='ltr'>accipiendi</span> <span class='ocrx_word' id='word_1_73' title='bbox 723 1524 756 1578; x_wconf 93' lang='lat' dir='ltr'>et</span> <span class='ocrx_word' id='word_1_74' title='bbox 780 1515 942 1588; x_wconf 86' lang='lat' dir='ltr'>reiciendi,</span> <span class='ocrx_word' id='word_1_75' title='bbox 977 1523 1074 1596; x_wconf 92' lang='lat' dir='ltr'>prout</span> <span class='ocrx_word' id='word_1_76' title='bbox 1098 1515 1251 1578; x_wconf 91' lang='lat' dir='ltr'>delictum</span> <span class='ocrx_word' id='word_1_77' title='bbox 1275 1524 1342 1577; x_wconf 88' lang='lat' dir='ltr'>tam</span> 
     </span>
     <span class='ocr_line' id='line_1_11' title="bbox 106 1603 1343 1685; baseline -0.001 -19"><span class='ocrx_word' id='word_1_78' title='bbox 106 1606 202 1685; x_wconf 88' lang='lat' dir='ltr'>gravi</span> <span class='ocrx_word' id='word_1_79' title='bbox 226 1624 335 1684; x_wconf 89' lang='lat' dir='ltr'>poena</span> <span class='ocrx_word' id='word_1_80' title='bbox 359 1604 492 1684; x_wconf 87' lang='lat' dir='ltr'>dignum</span> <span class='ocrx_word' id='word_1_81' title='bbox 517 1612 571 1666; x_wconf 91' lang='lat' dir='ltr'>aut</span> <span class='ocrx_word' id='word_1_82' title='bbox 595 1604 761 1684; x_wconf 88' lang='lat' dir='ltr'>indignum</span> <span class='ocrx_word' id='word_1_83' title='bbox 785 1603 965 1666; x_wconf 89' lang='lat' dir='ltr'>videbatur.</span> <span class='ocrx_word' id='word_1_84' title='bbox 992 1603 1046 1666; x_wconf 89' lang='lat' dir='ltr'>Sic</span> <span class='ocrx_word' id='word_1_85' title='bbox 1066 1603 1187 1666; x_wconf 91' lang='lat' dir='ltr'>leviora</span> <span class='ocrx_word' id='word_1_86' title='bbox 1210 1605 1343 1666; x_wconf 87' lang='lat' dir='ltr'>crimina</span> 
     </span>
     <span class='ocr_line' id='line_1_12' title="bbox 106 1687 1346 1777; baseline -0.001 -22"><span class='ocrx_word' id='word_1_87' title='bbox 106 1713 170 1777; x_wconf 92' lang='lat' dir='ltr'>per</span> <span class='ocrx_word' id='word_1_88' title='bbox 194 1713 230 1755; x_wconf 92' lang='lat' dir='ltr'>se</span> <span class='ocrx_word' id='word_1_89' title='bbox 253 1693 324 1774; x_wconf 90' lang='lat' dir='ltr'>ipsa</span> <span class='ocrx_word' id='word_1_90' title='bbox 347 1687 419 1755; x_wconf 89' lang='lat' dir='ltr'>foro</span> <span class='ocrx_word' id='word_1_91' title='bbox 446 1691 576 1772; x_wconf 81' lang='lat' dir='ltr'>collegii</span> <span class='ocrx_word' id='word_1_92' title='bbox 608 1692 801 1755; x_wconf 89' lang='lat' dir='ltr'>arbitrorum</span> <span class='ocrx_word' id='word_1_93' title='bbox 833 1700 974 1774; x_wconf 89' lang='lat' dir='ltr'>excepta</span> <span class='ocrx_word' id='word_1_94' title='bbox 1005 1702 1113 1768; x_wconf 83' lang='lat' dir='ltr'>erant,</span> <span class='ocrx_word' id='word_1_95' title='bbox 1147 1713 1221 1755; x_wconf 90' lang='lat' dir='ltr'>cum</span> <span class='ocrx_word' id='word_1_96' title='bbox 1245 1701 1300 1755; x_wconf 89' lang='lat' dir='ltr'>aut</span> <span class='ocrx_word' id='word_1_97' title='bbox 1323 1713 1346 1754; x_wconf 90' lang='lat' dir='ltr'>a</span> 
     </span>
     <span class='ocr_line' id='line_1_13' title="bbox 105 1782 1342 1867; baseline -0.002 -22"><span class='ocrx_word' id='word_1_98' title='bbox 105 1782 262 1866; x_wconf 87' lang='lat' dir='ltr'>praeside</span> <span class='ocrx_word' id='word_1_99' title='bbox 286 1782 535 1867; x_wconf 80' lang='lat' dir='ltr'>repudiarentur</span> <span class='ocrx_word' id='word_1_100' title='bbox 565 1790 620 1844; x_wconf 91' lang='lat' dir='ltr'>aut</span> <span class='ocrx_word' id='word_1_101' title='bbox 654 1782 696 1844; x_wconf 85' lang='lat' dir='ltr'>ad</span> <span class='ocrx_word' id='word_1_102' title='bbox 727 1801 817 1843; x_wconf 89' lang='lat' dir='ltr'>reum</span> <span class='ocrx_word' id='word_1_103' title='bbox 850 1803 869 1842; x_wconf 92' lang='lat' dir='ltr'>a</span> <span class='ocrx_word' id='word_1_104' title='bbox 892 1782 1025 1864; x_wconf 88' lang='lat' dir='ltr'>collegis</span> <span class='ocrx_word' id='word_1_105' title='bbox 1057 1783 1342 1844; x_wconf 90' lang='lat' dir='ltr'>condemnandum</span> 
     </span>
     <span class='ocr_line' id='line_1_14' title="bbox 106 1867 1343 1954; baseline 0 -22"><span class='ocrx_word' id='word_1_106' title='bbox 106 1891 225 1953; x_wconf 90' lang='lat' dir='ltr'>parum</span> <span class='ocrx_word' id='word_1_107' title='bbox 249 1867 445 1938; x_wconf 82' lang='lat' dir='ltr'>sufficerent.</span> <span class='ocrx_word' id='word_1_108' title='bbox 482 1870 550 1932; x_wconf 86' lang='lat' dir='ltr'>Sed</span> <span class='ocrx_word' id='word_1_109' title='bbox 574 1872 647 1952; x_wconf 87' lang='lat' dir='ltr'>ipso</span> <span class='ocrx_word' id='word_1_110' title='bbox 672 1871 812 1934; x_wconf 90' lang='lat' dir='ltr'>muneris</span> <span class='ocrx_word' id='word_1_111' title='bbox 837 1871 947 1932; x_wconf 86' lang='lat' dir='ltr'>officio</span> <span class='ocrx_word' id='word_1_112' title='bbox 972 1871 1060 1932; x_wconf 92' lang='lat' dir='ltr'>laeso</span> <span class='ocrx_word' id='word_1_113' title='bbox 1072 1871 1096 1954; x_wconf 91' lang='grc'>1)</span> <span class='ocrx_word' id='word_1_114' title='bbox 1120 1880 1208 1933; x_wconf 91' lang='lat' dir='ltr'>certe</span> <span class='ocrx_word' id='word_1_115' title='bbox 1232 1872 1343 1952; x_wconf 88' lang='lat' dir='ltr'>legum</span> 
     </span>
     <span class='ocr_line' id='line_1_15' title="bbox 106 1959 1347 2042; baseline -0.002 -19"><span class='ocrx_word' id='word_1_116' title='bbox 106 1960 267 2023; x_wconf 90' lang='lat' dir='ltr'>severitas</span> <span class='ocrx_word' id='word_1_117' title='bbox 291 1959 430 2022; x_wconf 88' lang='lat' dir='ltr'>valebat.</span> <span class='ocrx_word' id='word_1_118' title='bbox 455 1959 605 2022; x_wconf 91' lang='lat' dir='ltr'>Eandem</span> <span class='ocrx_word' id='word_1_119' title='bbox 635 1960 731 2040; x_wconf 88' lang='lat' dir='ltr'>igitur</span> <span class='ocrx_word' id='word_1_120' title='bbox 761 1959 962 2034; x_wconf 89' lang='lat' dir='ltr'>libertatem,</span> <span class='ocrx_word' id='word_1_121' title='bbox 996 1981 1094 2042; x_wconf 89' lang='lat' dir='ltr'>quam</span> <span class='ocrx_word' id='word_1_122' title='bbox 1125 1961 1157 2022; x_wconf 90' lang='lat' dir='ltr'>in</span> <span class='ocrx_word' id='word_1_123' title='bbox 1180 1969 1252 2022; x_wconf 93' lang='lat' dir='ltr'>toto</span> <span class='ocrx_word' id='word_1_124' title='bbox 1276 1959 1347 2024; x_wconf 85' lang='lat' dir='ltr'>fere</span> 
     </span>
     <span class='ocr_line' id='line_1_16' title="bbox 107 2048 1342 2129; baseline 0 -17"><span class='ocrx_word' id='word_1_125' title='bbox 107 2052 180 2113; x_wconf 93' lang='lat' dir='ltr'>iure</span> <span class='ocrx_word' id='word_1_126' title='bbox 189 2050 314 2123; x_wconf 88' lang='lat' dir='ltr'>Attico,</span> <span class='ocrx_word' id='word_1_127' title='bbox 328 2058 361 2110; x_wconf 91' lang='lat' dir='ltr'>et</span> <span class='ocrx_word' id='word_1_128' title='bbox 373 2049 403 2110; x_wconf 94' lang='lat' dir='ltr'>in</span> <span class='ocrx_word' id='word_1_129' title='bbox 416 2049 636 2112; x_wconf 90' lang='lat' dir='ltr'>iurisdictione</span> <span class='ocrx_word' id='word_1_130' title='bbox 646 2048 772 2129; x_wconf 89' lang='lat' dir='ltr'>collegii</span> <span class='ocrx_word' id='word_1_131' title='bbox 782 2049 975 2110; x_wconf 89' lang='lat' dir='ltr'>arbitrorum</span> <span class='ocrx_word' id='word_1_132' title='bbox 986 2049 1243 2112; x_wconf 88' lang='lat' dir='ltr'>animadvertere</span> <span class='ocrx_word' id='word_1_133' title='bbox 1256 2049 1342 2112; x_wconf 89' lang='lat' dir='ltr'>licet.</span> 
     </span>
    </p>
   </div>
   <div class='ocr_carea' id='block_1_4' title="bbox 689 2242 766 2328">
    <p class='ocr_par' dir='ltr' id='par_1_4' title="bbox 689 2242 766 2328">
     <span class='ocr_line' id='line_1_17' title="bbox 689 2242 766 2328; baseline 0.104 -24"><span class='ocrx_word' id='word_1_134' title='bbox 689 2242 766 2328; x_wconf 68' lang='grc' dir='ltr'>ξὸ.</span> 
     </span>
    </p>
   </div>
   <div class='ocr_carea' id='block_1_5' title="bbox 448 2387 1010 2485">
    <p class='ocr_par' dir='ltr' id='par_1_5' title="bbox 448 2387 1010 2485">
     <span class='ocr_line' id='line_1_18' title="bbox 448 2387 1010 2485; baseline 0.002 -23"><span class='ocrx_word' id='word_1_135' title='bbox 448 2387 510 2462; x_wconf 89' lang='lat' dir='ltr'>De</span> <span class='ocrx_word' id='word_1_136' title='bbox 539 2389 790 2463; x_wconf 87' lang='lat' dir='ltr'>arbitrorum</span> <span class='ocrx_word' id='word_1_137' title='bbox 820 2388 1010 2485; x_wconf 85' lang='lat' dir='ltr'>collegio.</span> 
     </span>
    </p>
   </div>
   <div class='ocr_carea' id='block_1_6' title="bbox 102 2563 1352 4334">
    <p class='ocr_par' dir='ltr' id='par_1_6' title="bbox 102 2563 1351 3362">
     <span class='ocr_line' id='line_1_19' title="bbox 158 2563 1347 2647; baseline -0.004 -18"><span class='ocrx_word' id='word_1_138' title='bbox 158 2567 306 2646; x_wconf 90' lang='lat' dir='ltr'>Tempus</span> <span class='ocrx_word' id='word_1_139' title='bbox 338 2575 388 2628; x_wconf 91' lang='lat' dir='ltr'>est</span> <span class='ocrx_word' id='word_1_140' title='bbox 411 2564 461 2640; x_wconf 90' lang='lat' dir='ltr'>id,</span> <span class='ocrx_word' id='word_1_141' title='bbox 493 2564 583 2647; x_wconf 91' lang='lat' dir='ltr'>quod</span> <span class='ocrx_word' id='word_1_142' title='bbox 606 2584 705 2643; x_wconf 90' lang='lat' dir='ltr'>supra</span> <span class='ocrx_word' id='word_1_143' title='bbox 728 2563 942 2643; x_wconf 71' lang='lat' dir='ltr'>promisimus</span> <span class='ocrx_word' id='word_1_144' title='bbox 967 2572 1132 2643; x_wconf 88' lang='lat' dir='ltr'>praestare</span> <span class='ocrx_word' id='word_1_145' title='bbox 1175 2571 1208 2625; x_wconf 89' lang='lat' dir='ltr'>et</span> <span class='ocrx_word' id='word_1_146' title='bbox 1233 2564 1275 2625; x_wconf 93' lang='lat' dir='ltr'>de</span> <span class='ocrx_word' id='word_1_147' title='bbox 1299 2583 1347 2625; x_wconf 91' lang='lat' dir='ltr'>ar·</span> 
     </span>
     <span class='ocr_line' id='line_1_20' title="bbox 109 2650 1346 2736; baseline -0.004 -18"><span class='ocrx_word' id='word_1_148' title='bbox 109 2657 270 2719; x_wconf 93' lang='lat' dir='ltr'>bitrorum</span> <span class='ocrx_word' id='word_1_149' title='bbox 287 2655 427 2736; x_wconf 88' lang='lat' dir='ltr'>collegio</span> <span class='ocrx_word' id='word_1_150' title='bbox 444 2673 549 2734; x_wconf 89' lang='lat' dir='ltr'>pauca</span> <span class='ocrx_word' id='word_1_151' title='bbox 565 2650 720 2726; x_wconf 83' lang='lat' dir='ltr'>conferre,</span> <span class='ocrx_word' id='word_1_152' title='bbox 746 2653 940 2715; x_wconf 91' lang='lat' dir='ltr'>coniecturis</span> <span class='ocrx_word' id='word_1_153' title='bbox 965 2653 1069 2733; x_wconf 89' lang='lat' dir='ltr'>magis</span> <span class='ocrx_word' id='word_1_154' title='bbox 1093 2653 1224 2714; x_wconf 91' lang='lat' dir='ltr'>inventa</span> <span class='ocrx_word' id='word_1_155' title='bbox 1248 2673 1346 2734; x_wconf 91' lang='lat' dir='ltr'>quam</span> 
     </span>
     <span class='ocr_line' id='line_1_21' title="bbox 110 2741 1349 2823; baseline -0.004 -15"><span class='ocrx_word' id='word_1_156' title='bbox 110 2747 211 2808; x_wconf 91' lang='lat' dir='ltr'>certis</span> <span class='ocrx_word' id='word_1_157' title='bbox 234 2746 426 2808; x_wconf 90' lang='lat' dir='ltr'>confirmata</span> <span class='ocrx_word' id='word_1_158' title='bbox 451 2743 666 2806; x_wconf 89' lang='lat' dir='ltr'>documentis.</span> <span class='ocrx_word' id='word_1_159' title='bbox 691 2742 816 2804; x_wconf 91' lang='lat' dir='ltr'>Fontes</span> <span class='ocrx_word' id='word_1_160' title='bbox 841 2741 926 2802; x_wconf 90' lang='lat' dir='ltr'>enim</span> <span class='ocrx_word' id='word_1_161' title='bbox 943 2743 1141 2823; x_wconf 88' lang='lat' dir='ltr'>antiquitatis</span> <span class='ocrx_word' id='word_1_162' title='bbox 1156 2743 1349 2804; x_wconf 89' lang='lat' dir='ltr'>tenuissime</span> 
     </span>
     <span class='ocr_line' id='line_1_22' title="bbox 111 2830 1347 2913; baseline -0.002 -17"><span class='ocrx_word' id='word_1_163' title='bbox 111 2843 256 2898; x_wconf 92' lang='lat' dir='ltr'>manant.</span> <span class='ocrx_word' id='word_1_164' title='bbox 304 2835 386 2911; x_wconf 87' lang='lat' dir='ltr'>Etsi,</span> <span class='ocrx_word' id='word_1_165' title='bbox 419 2833 509 2913; x_wconf 92' lang='lat' dir='ltr'>quod</span> <span class='ocrx_word' id='word_1_166' title='bbox 540 2851 701 2894; x_wconf 90' lang='lat' dir='ltr'>summum</span> <span class='ocrx_word' id='word_1_167' title='bbox 727 2840 787 2906; x_wconf 91' lang='lat' dir='ltr'>est,</span> <span class='ocrx_word' id='word_1_168' title='bbox 819 2830 992 2911; x_wconf 85' lang='lat' dir='ltr'>collegium</span> <span class='ocrx_word' id='word_1_169' title='bbox 1025 2830 1218 2893; x_wconf 89' lang='lat' dir='ltr'>arbitrorum</span> <span class='ocrx_word' id='word_1_170' title='bbox 1249 2830 1347 2893; x_wconf 82' lang='lat' dir='ltr'>fuisse</span> 
     </span>
     <span class='ocr_line' id='line_1_23' title="bbox 112 2919 1351 3005; baseline -0.004 -18"><span class='ocrx_word' id='word_1_171' title='bbox 112 2923 227 3005; x_wconf 88' lang='lat' dir='ltr'>negari</span> <span class='ocrx_word' id='word_1_172' title='bbox 251 2943 317 2985; x_wconf 93' lang='lat' dir='ltr'>non</span> <span class='ocrx_word' id='word_1_173' title='bbox 341 2923 470 3002; x_wconf 89' lang='lat' dir='ltr'>poterit,</span> <span class='ocrx_word' id='word_1_174' title='bbox 495 2920 621 3001; x_wconf 87' lang='lat' dir='ltr'>singula</span> <span class='ocrx_word' id='word_1_175' title='bbox 645 2928 755 2983; x_wconf 89' lang='lat' dir='ltr'>tamen</span> <span class='ocrx_word' id='word_1_176' title='bbox 785 2921 907 2981; x_wconf 89' lang='lat' dir='ltr'>incerta</span> <span class='ocrx_word' id='word_1_177' title='bbox 941 2929 1025 2982; x_wconf 89' lang='lat' dir='ltr'>sunt.</span> <span class='ocrx_word' id='word_1_178' title='bbox 1058 2920 1168 3000; x_wconf 89' lang='lat' dir='ltr'>Bergk</span> <span class='ocrx_word' id='word_1_179' title='bbox 1196 2919 1351 3003; x_wconf 71' lang='lat' dir='ltr'>primus2)</span> 
     </span>
     <span class='ocr_line' id='line_1_24' title="bbox 112 3008 1346 3092; baseline -0.005 -17"><span class='ocrx_word' id='word_1_180' title='bbox 112 3013 253 3077; x_wconf 91' lang='lat' dir='ltr'>arbitros</span> <span class='ocrx_word' id='word_1_181' title='bbox 280 3012 421 3092; x_wconf 88' lang='lat' dir='ltr'>collegio</span> <span class='ocrx_word' id='word_1_182' title='bbox 451 3011 642 3072; x_wconf 88' lang='lat' dir='ltr'>coniunctos</span> <span class='ocrx_word' id='word_1_183' title='bbox 669 3009 766 3071; x_wconf 85' lang='lat' dir='ltr'>fuisse</span> <span class='ocrx_word' id='word_1_184' title='bbox 793 3009 1019 3083; x_wconf 87' lang='lat' dir='ltr'>contenderat,</span> <span class='ocrx_word' id='word_1_185' title='bbox 1044 3009 1078 3070; x_wconf 93' lang='lat' dir='ltr'>id</span> <span class='ocrx_word' id='word_1_186' title='bbox 1106 3008 1185 3090; x_wconf 90' lang='lat' dir='ltr'>quid</span> <span class='ocrx_word' id='word_1_187' title='bbox 1216 3009 1346 3090; x_wconf 91' lang='lat' dir='ltr'>inscrip-</span> 
     </span>
     <span class='ocr_line' id='line_1_25' title="bbox 112 3099 1345 3187; baseline -0.005 -23"><span class='ocrx_word' id='word_1_188' title='bbox 112 3099 245 3187; x_wconf 83' lang='lat' dir='ltr'>tione³),</span> <span class='ocrx_word' id='word_1_189' title='bbox 278 3122 361 3182; x_wconf 89' lang='lat' dir='ltr'>quae</span> <span class='ocrx_word' id='word_1_190' title='bbox 387 3101 555 3163; x_wconf 89' lang='lat' dir='ltr'>decretum</span> <span class='ocrx_word' id='word_1_191' title='bbox 580 3099 772 3161; x_wconf 91' lang='lat' dir='ltr'>arbitrorum</span> <span class='ocrx_word' id='word_1_192' title='bbox 796 3100 949 3173; x_wconf 85' lang='lat' dir='ltr'>continet,</span> <span class='ocrx_word' id='word_1_193' title='bbox 976 3099 1231 3160; x_wconf 89' lang='lat' dir='ltr'>demonstratur:</span> <span class='ocrx_word' id='word_1_194' title='bbox 1260 3147 1345 3165; x_wconf 82' lang='lat'><strong>....</strong></span> 
     </span>
     <span class='ocr_line' id='line_1_26' title="bbox 102 3186 1350 3272; baseline -0.004 -17"><span class='ocrx_word' id='word_1_195' title='bbox 102 3189 250 3267; x_wconf 81' lang='grc' dir='ltr'><em>Ἔδοξεν</em></span> <span class='ocrx_word' id='word_1_196' title='bbox 280 3197 346 3259; x_wconf 86' lang='grc' dir='ltr'><em>τοῖς</em></span> <span class='ocrx_word' id='word_1_197' title='bbox 376 3190 546 3272; x_wconf 81' lang='grc' dir='ltr'><em>διαιτηταῖς</em></span> <span class='ocrx_word' id='word_1_198' title='bbox 580 3188 742 3250; x_wconf 78' lang='grc' dir='ltr'><em>ἐπαινέσαι</em></span> <span class='ocrx_word' id='word_1_199' title='bbox 772 3189 826 3250; x_wconf 88' lang='grc' dir='ltr'>καὶ</span> <span class='ocrx_word' id='word_1_200' title='bbox 858 3192 1062 3269; x_wconf 81' lang='grc' dir='ltr'><em>στεφανῶσαι</em></span> <span class='ocrx_word' id='word_1_201' title='bbox 1085 3186 1201 3256; x_wconf 83' lang='grc' dir='ltr'><em>αὐτοὺς</em></span> <span class='ocrx_word' id='word_1_202' title='bbox 1223 3187 1350 3250; x_wconf 81' lang='grc' dir='ltr'><em>θαλλοῦ</em></span> 
     </span>
     <span class='ocr_line' id='line_1_27' title="bbox 113 3281 276 3362; baseline 0 -18"><span class='ocrx_word' id='word_1_203' title='bbox 113 3281 276 3362; x_wconf 80' lang='grc' dir='ltr'><em>στεφάνῳ.</em></span> 
     </span>
    </p>

    <p class='ocr_par' dir='ltr' id='par_1_7' title="bbox 113 3364 1352 3894">
     <span class='ocr_line' id='line_1_28' title="bbox 162 3364 1347 3444; baseline -0.006 -11"><span class='ocrx_word' id='word_1_204' title='bbox 162 3369 231 3433; x_wconf 89' lang='lat' dir='ltr'>Sed</span> <span class='ocrx_word' id='word_1_205' title='bbox 254 3388 320 3431; x_wconf 91' lang='lat' dir='ltr'>non</span> <span class='ocrx_word' id='word_1_206' title='bbox 343 3366 448 3429; x_wconf 92' lang='lat' dir='ltr'>solum</span> <span class='ocrx_word' id='word_1_207' title='bbox 472 3366 542 3428; x_wconf 88' lang='lat' dir='ltr'>aliis</span> <span class='ocrx_word' id='word_1_208' title='bbox 565 3365 708 3427; x_wconf 90' lang='lat' dir='ltr'>honores</span> <span class='ocrx_word' id='word_1_209' title='bbox 732 3365 840 3427; x_wconf 88' lang='lat' dir='ltr'>arbitri</span> <span class='ocrx_word' id='word_1_210' title='bbox 862 3366 1087 3438; x_wconf 90' lang='lat' dir='ltr'>decreverunt,</span> <span class='ocrx_word' id='word_1_211' title='bbox 1113 3364 1174 3427; x_wconf 91' lang='lat' dir='ltr'>sed</span> <span class='ocrx_word' id='word_1_212' title='bbox 1198 3364 1258 3444; x_wconf 91' lang='lat' dir='ltr'>ipsi</span> <span class='ocrx_word' id='word_1_213' title='bbox 1282 3385 1347 3426; x_wconf 91' lang='lat' dir='ltr'>mu-</span> 
     </span>
     <span class='ocr_line' id='line_1_29' title="bbox 114 3451 1349 3538; baseline -0.007 -16"><span class='ocrx_word' id='word_1_214' title='bbox 114 3479 196 3522; x_wconf 91' lang='lat' dir='ltr'>nere</span> <span class='ocrx_word' id='word_1_215' title='bbox 220 3456 381 3538; x_wconf 86' lang='lat' dir='ltr'>periuncti</span> <span class='ocrx_word' id='word_1_216' title='bbox 404 3456 534 3518; x_wconf 92' lang='lat' dir='ltr'>laudem</span> <span class='ocrx_word' id='word_1_217' title='bbox 557 3464 590 3517; x_wconf 91' lang='lat' dir='ltr'>et</span> <span class='ocrx_word' id='word_1_218' title='bbox 606 3463 799 3516; x_wconf 89' lang='lat' dir='ltr'>ornamenta</span> <span class='ocrx_word' id='word_1_219' title='bbox 814 3461 1022 3536; x_wconf 89' lang='lat' dir='ltr'>acceperunt.</span> <span class='ocrx_word' id='word_1_220' title='bbox 1040 3452 1096 3515; x_wconf 71' lang='lat' dir='ltr'>Cf.</span> <span class='ocrx_word' id='word_1_221' title='bbox 1115 3451 1151 3518; x_wconf 90' lang='lat' dir='ltr'>C.</span> <span class='ocrx_word' id='word_1_222' title='bbox 1169 3453 1192 3518; x_wconf 90' lang='grc' dir='ltr'>Ι.</span> <span class='ocrx_word' id='word_1_223' title='bbox 1210 3451 1254 3517; x_wconf 89' lang='grc' dir='ltr'>Α.</span> <span class='ocrx_word' id='word_1_224' title='bbox 1270 3452 1300 3514; x_wconf 92' lang='grc' dir='ltr'>ΙΙ</span> <span class='ocrx_word' id='word_1_225' title='bbox 1317 3453 1349 3537; x_wconf 77' lang='lat'>2,</span> 
     </span>
     <span class='ocr_line' id='line_1_30' title="bbox 113 3542 1346 3633; baseline -0.006 -23"><span class='ocrx_word' id='word_1_226' title='bbox 113 3571 148 3633; x_wconf 80' lang='lat' dir='ltr'>p.</span> <span class='ocrx_word' id='word_1_227' title='bbox 166 3547 248 3610; x_wconf 78' lang='lat'>356:</span> <span class='ocrx_word' id='word_1_228' title='bbox 281 3545 432 3629; x_wconf 74' lang='grc' dir='ltr'><em>διαιτηταὶ</em></span> <span class='ocrx_word' id='word_1_229' title='bbox 457 3546 488 3608; x_wconf 85' lang='grc' dir='ltr'>οῖ</span> <span class='ocrx_word' id='word_1_230' title='bbox 518 3545 570 3606; x_wconf 79' lang='grc' dir='ltr'>ἐπὶ</span> <span class='ocrx_word' id='word_1_231' title='bbox 596 3542 792 3612; x_wconf 74' lang='grc' dir='ltr'><em>Ἀντικλέους</em></span> <span class='ocrx_word' id='word_1_232' title='bbox 823 3545 979 3624; x_wconf 84' lang='grc' dir='ltr'><em>ἄρχοντος</em></span> <span class='ocrx_word' id='word_1_233' title='bbox 1002 3542 1159 3604; x_wconf 76' lang='grc' dir='ltr'><em>ἀνέθεσαν</em></span> <span class='ocrx_word' id='word_1_234' title='bbox 1183 3565 1346 3623; x_wconf 81' lang='grc' dir='ltr'><em>στεφανω-</em></span> 
     </span>
     <span class='ocr_line' id='line_1_31' title="bbox 113 3630 1352 3716; baseline -0.006 -16"><span class='ocrx_word' id='word_1_235' title='bbox 113 3639 225 3705; x_wconf 87' lang='grc' dir='ltr'><em>θέντες</em></span> <span class='ocrx_word' id='word_1_236' title='bbox 248 3636 312 3699; x_wconf 83' lang='grc' dir='ltr'>ὑπὸ</span> <span class='ocrx_word' id='word_1_237' title='bbox 335 3641 393 3698; x_wconf 83' lang='grc' dir='ltr'>τοῦ</span> <span class='ocrx_word' id='word_1_238' title='bbox 417 3634 524 3716; x_wconf 80' lang='grc' dir='ltr'><em>δήμου</em></span> <span class='ocrx_word' id='word_1_239' title='bbox 548 3632 689 3711; x_wconf 59' lang='grc'>0111033,</span> <span class='ocrx_word' id='word_1_240' title='bbox 713 3632 843 3693; x_wconf 89' lang='lat' dir='ltr'>Demen</span> <span class='ocrx_word' id='word_1_241' title='bbox 867 3653 897 3694; x_wconf 92' lang='lat' dir='ltr'>v.</span> <span class='ocrx_word' id='word_1_242' title='bbox 914 3631 1030 3693; x_wconf 84' lang='lat' dir='ltr'>Attika</span> <span class='ocrx_word' id='word_1_243' title='bbox 1054 3651 1086 3711; x_wconf 91' lang='lat' dir='ltr'>p.</span> <span class='ocrx_word' id='word_1_244' title='bbox 1106 3630 1163 3692; x_wconf 83' lang='lat'>21:</span> <span class='ocrx_word' id='word_1_245' title='bbox 1191 3631 1352 3713; x_wconf 78' lang='grc' dir='ltr'><em>Διαιτηταὶ</em></span> 
     </span>
     <span class='ocr_line' id='line_1_32' title="bbox 114 3719 1348 3806; baseline -0.006 -17"><span class='ocrx_word' id='word_1_246' title='bbox 114 3729 147 3792; x_wconf 83' lang='grc' dir='ltr'>οἱ</span> <span class='ocrx_word' id='word_1_247' title='bbox 170 3721 224 3788; x_wconf 73' lang='grc' dir='ltr'>ἐπὶ</span> <span class='ocrx_word' id='word_1_248' title='bbox 242 3725 404 3806; x_wconf 82' lang='grc' dir='ltr'><em>Φρυνίχου</em></span> <span class='ocrx_word' id='word_1_249' title='bbox 421 3725 577 3804; x_wconf 79' lang='grc' dir='ltr'><em>ἄρχοντος</em></span> <span class='ocrx_word' id='word_1_250' title='bbox 594 3722 750 3784; x_wconf 87' lang='grc' dir='ltr'><em>ἀνέθεσαν</em></span> <span class='ocrx_word' id='word_1_251' title='bbox 774 3721 1033 3803; x_wconf 81' lang='grc' dir='ltr'><em>στεφανωθέντες</em></span> <span class='ocrx_word' id='word_1_252' title='bbox 1055 3722 1103 3800; x_wconf 79' lang='grc' dir='ltr'>τῴ</span> <span class='ocrx_word' id='word_1_253' title='bbox 1126 3719 1221 3802; x_wconf 78' lang='grc' dir='ltr'><em>δήμῳ</em></span> <span class='ocrx_word' id='word_1_254' title='bbox 1238 3721 1348 3788; x_wconf 83' lang='grc' dir='ltr'><em>καλῶς</em></span> 
     </span>
     <span class='ocr_line' id='line_1_33' title="bbox 114 3813 573 3894; baseline -0.015 -14"><span class='ocrx_word' id='word_1_255' title='bbox 114 3816 171 3880; x_wconf 83' lang='grc' dir='ltr'>καὶ</span> <span class='ocrx_word' id='word_1_256' title='bbox 197 3815 329 3882; x_wconf 80' lang='grc' dir='ltr'><em>δικαίως</em></span> <span class='ocrx_word' id='word_1_257' title='bbox 352 3813 573 3894; x_wconf 82' lang='grc' dir='ltr'><em>ὁιαιτήσαντες.</em></span> 
     </span>
    </p>

    <p class='ocr_par' dir='ltr' id='par_1_8' title="bbox 115 3897 1351 4162">
     <span class='ocr_line' id='line_1_34' title="bbox 163 3897 1351 3981; baseline -0.007 -15"><span class='ocrx_word' id='word_1_258' title='bbox 163 3903 246 3967; x_wconf 90' lang='lat' dir='ltr'>Cum</span> <span class='ocrx_word' id='word_1_259' title='bbox 278 3903 328 3963; x_wconf 89' lang='lat' dir='ltr'>his</span> <span class='ocrx_word' id='word_1_260' title='bbox 358 3901 620 3981; x_wconf 89' lang='lat' dir='ltr'>inscriptionibus</span> <span class='ocrx_word' id='word_1_261' title='bbox 643 3898 828 3961; x_wconf 87' lang='lat' dir='ltr'>Aristotelis</span> <span class='ocrx_word' id='word_1_262' title='bbox 858 3897 960 3959; x_wconf 91' lang='lat' dir='ltr'>verba</span> <span class='ocrx_word' id='word_1_263' title='bbox 991 3898 1032 3958; x_wconf 91' lang='lat' dir='ltr'>de</span> <span class='ocrx_word' id='word_1_264' title='bbox 1057 3897 1229 3978; x_wconf 83' lang='grc' dir='ltr'><em>εἰσαγγελίᾳ</em></span> <span class='ocrx_word' id='word_1_265' title='bbox 1261 3897 1351 3976; x_wconf 90' lang='lat' dir='ltr'>apud</span> 
     </span>
     <span class='ocr_line' id='line_1_35' title="bbox 115 3987 1348 4076; baseline -0.006 -21"><span class='ocrx_word' id='word_1_266' title='bbox 115 3993 256 4057; x_wconf 92' lang='lat' dir='ltr'>arbitros</span> <span class='ocrx_word' id='word_1_267' title='bbox 280 3989 365 4076; x_wconf 91' lang='lat' dir='ltr'>(cap.</span> <span class='ocrx_word' id='word_1_268' title='bbox 391 3990 442 4067; x_wconf 77' lang='lat'>53,</span> <span class='ocrx_word' id='word_1_269' title='bbox 468 3989 503 4070; x_wconf 82' lang='lat' dir='ltr'>b)</span> <span class='ocrx_word' id='word_1_270' title='bbox 527 3988 685 4070; x_wconf 90' lang='lat' dir='ltr'>simulque</span> <span class='ocrx_word' id='word_1_271' title='bbox 709 3987 840 4068; x_wconf 86' lang='lat' dir='ltr'>Bergkii</span> <span class='ocrx_word' id='word_1_272' title='bbox 864 3989 1054 4050; x_wconf 86' lang='lat' dir='ltr'>coniectura</span> <span class='ocrx_word' id='word_1_273' title='bbox 1076 3987 1119 4046; x_wconf 89' lang='lat' dir='ltr'>ad</span> <span class='ocrx_word' id='word_1_274' title='bbox 1144 3987 1245 4066; x_wconf 90' lang='lat' dir='ltr'>Harp.</span> <span class='ocrx_word' id='word_1_275' title='bbox 1271 4006 1297 4049; x_wconf 89' lang='lat' dir='ltr'>s,</span> <span class='ocrx_word' id='word_1_276' title='bbox 1318 4006 1348 4048; x_wconf 82' lang='lat' dir='ltr'>v.</span> 
     </span>
     <span class='ocr_line' id='line_1_36' title="bbox 116 4079 656 4162; baseline -0.017 -16"><span class='ocrx_word' id='word_1_277' title='bbox 116 4080 292 4162; x_wconf 81' lang='grc' dir='ltr'><em>εἰσαγγελία</em></span> <span class='ocrx_word' id='word_1_278' title='bbox 316 4079 440 4159; x_wconf 90' lang='lat' dir='ltr'>optime</span> <span class='ocrx_word' id='word_1_279' title='bbox 465 4086 656 4158; x_wconf 86' lang='lat' dir='ltr'>congruunt.</span> 
     </span>
    </p>

    <p class='ocr_par' dir='ltr' id='par_1_9' title="bbox 117 4160 1350 4334">
     <span class='ocr_line' id='line_1_37' title="bbox 164 4160 1350 4251; baseline -0.008 -19"><span class='ocrx_word' id='word_1_280' title='bbox 164 4170 258 4251; x_wconf 82' lang='lat' dir='ltr'>Quae</span> <span class='ocrx_word' id='word_1_281' title='bbox 275 4188 354 4230; x_wconf 92' lang='lat' dir='ltr'>vero</span> <span class='ocrx_word' id='word_1_282' title='bbox 370 4166 510 4250; x_wconf 72' lang='lat' dir='ltr'>Bergk4)</span> <span class='ocrx_word' id='word_1_283' title='bbox 525 4168 566 4228; x_wconf 92' lang='lat' dir='ltr'>de</span> <span class='ocrx_word' id='word_1_284' title='bbox 583 4165 775 4228; x_wconf 90' lang='lat' dir='ltr'>arbitrorum</span> <span class='ocrx_word' id='word_1_285' title='bbox 790 4164 987 4226; x_wconf 90' lang='lat' dir='ltr'>ornamentis</span> <span class='ocrx_word' id='word_1_286' title='bbox 999 4164 1160 4238; x_wconf 89' lang='lat' dir='ltr'>iudicavit,</span> <span class='ocrx_word' id='word_1_287' title='bbox 1178 4162 1255 4224; x_wconf 91' lang='lat' dir='ltr'>mihi</span> <span class='ocrx_word' id='word_1_288' title='bbox 1268 4160 1350 4223; x_wconf 84' lang='lat' dir='ltr'>falsa</span> 
     </span>
     <span class='ocr_line' id='line_1_38' title="bbox 117 4252 1349 4334; baseline -0.008 -12"><span class='ocrx_word' id='word_1_289' title='bbox 117 4280 193 4322; x_wconf 90' lang='lat' dir='ltr'>esse</span> <span class='ocrx_word' id='word_1_290' title='bbox 216 4259 375 4321; x_wconf 88' lang='lat' dir='ltr'>videntur.</span> <span class='ocrx_word' id='word_1_291' title='bbox 408 4255 620 4318; x_wconf 89' lang='lat' dir='ltr'>Concluserat</span> <span class='ocrx_word' id='word_1_292' title='bbox 643 4256 728 4316; x_wconf 91' lang='lat' dir='ltr'>enim</span> <span class='ocrx_word' id='word_1_293' title='bbox 753 4253 851 4315; x_wconf 87' lang='lat' dir='ltr'>elex.</span> <span class='ocrx_word' id='word_1_294' title='bbox 870 4252 961 4320; x_wconf 85' lang='lat' dir='ltr'>Cant.</span> <span class='ocrx_word' id='word_1_295' title='bbox 979 4253 1192 4315; x_wconf 87' lang='lat' dir='ltr'>adnotatione</span> <span class='ocrx_word' id='word_1_296' title='bbox 1217 4272 1242 4318; x_wconf 83' lang='lat' dir='ltr'>s.</span> <span class='ocrx_word' id='word_1_297' title='bbox 1258 4271 1287 4313; x_wconf 91' lang='lat' dir='ltr'>v.</span> <span class='ocrx_word' id='word_1_298' title='bbox 1302 4252 1349 4334; x_wconf 81' lang='grc' dir='ltr'>μὴ</span> 
     </span>
    </p>
   </div>
   <div class='ocr_carea' id='block_1_7' title="bbox 154 4416 693 4697">
    <p class='ocr_par' dir='ltr' id='par_1_10' title="bbox 154 4416 686 4556">
     <span class='ocr_line' id='line_1_39' title="bbox 155 4416 686 4485; baseline -0.002 -20"><span class='ocrx_word' id='word_1_299' title='bbox 155 4419 179 4485; x_wconf 87' lang='grc'>1)</span> <span class='ocrx_word' id='word_1_300' title='bbox 200 4417 460 4468; x_wconf 81' lang='lat' dir='ltr'>›Amtsmissbrauch‹</span> <span class='ocrx_word' id='word_1_301' title='bbox 481 4417 567 4464; x_wconf 87' lang='lat' dir='ltr'>Busolt</span> <span class='ocrx_word' id='word_1_302' title='bbox 586 4433 613 4480; x_wconf 90' lang='lat' dir='ltr'>p.</span> <span class='ocrx_word' id='word_1_303' title='bbox 628 4416 686 4464; x_wconf 73' lang='lat'>271.</span> 
     </span>
     <span class='ocr_line' id='line_1_40' title="bbox 154 4483 634 4556; baseline -0.013 -15"><span class='ocrx_word' id='word_1_304' title='bbox 154 4489 178 4556; x_wconf 80' lang='lat'>2)</span> <span class='ocrx_word' id='word_1_305' title='bbox 198 4492 225 4540; x_wconf 89' lang='lat' dir='ltr'>Z.</span> <span class='ocrx_word' id='word_1_306' title='bbox 240 4493 256 4542; x_wconf 81' lang='lat' dir='ltr'>i.</span> <span class='ocrx_word' id='word_1_307' title='bbox 270 4492 294 4540; x_wconf 90' lang='lat' dir='ltr'>d.</span> <span class='ocrx_word' id='word_1_308' title='bbox 308 4493 338 4538; x_wconf 84' lang='lat' dir='ltr'>A.</span> <span class='ocrx_word' id='word_1_309' title='bbox 351 4489 392 4539; x_wconf 90' lang='lat' dir='ltr'>W.</span> <span class='ocrx_word' id='word_1_310' title='bbox 411 4489 486 4549; x_wconf 74' lang='lat'>1849,</span> <span class='ocrx_word' id='word_1_311' title='bbox 505 4503 531 4550; x_wconf 85' lang='lat' dir='ltr'>p.</span> <span class='ocrx_word' id='word_1_312' title='bbox 546 4483 634 4552; x_wconf 71' lang='lat' dir='ltr'>275so.</span> 
     </span>
    </p>

    <p class='ocr_par' dir='ltr' id='par_1_11' title="bbox 156 4558 543 4627">
     <span class='ocr_line' id='line_1_41' title="bbox 156 4558 543 4627; baseline -0.013 -15"><span class='ocrx_word' id='word_1_313' title='bbox 156 4559 178 4627; x_wconf 78' lang='lat'>³)</span> <span class='ocrx_word' id='word_1_314' title='bbox 193 4559 259 4626; x_wconf 83' lang='grc' dir='ltr'>Ἒφ.</span> <span class='ocrx_word' id='word_1_315' title='bbox 279 4558 339 4625; x_wconf 85' lang='grc' dir='ltr'><em>ἀρχ.</em></span> <span class='ocrx_word' id='word_1_316' title='bbox 360 4559 445 4608; x_wconf 83' lang='lat' dir='ltr'>titulus</span> <span class='ocrx_word' id='word_1_317' title='bbox 466 4560 543 4608; x_wconf 82' lang='lat'>3818.</span> 
     </span>
    </p>

    <p class='ocr_par' dir='ltr' id='par_1_12' title="bbox 154 4629 693 4697">
     <span class='ocr_line' id='line_1_42' title="bbox 154 4629 693 4697; baseline -0.006 -14"><span class='ocrx_word' id='word_1_318' title='bbox 154 4632 176 4697; x_wconf 84' lang='lat'>⁴)</span> <span class='ocrx_word' id='word_1_319' title='bbox 197 4633 288 4683; x_wconf 88' lang='lat' dir='ltr'>Rhein.</span> <span class='ocrx_word' id='word_1_320' title='bbox 308 4634 374 4681; x_wconf 90' lang='lat' dir='ltr'>Mus.</span> <span class='ocrx_word' id='word_1_321' title='bbox 395 4631 455 4692; x_wconf 92' lang='lat' dir='ltr'>v11,</span> <span class='ocrx_word' id='word_1_322' title='bbox 473 4647 498 4695; x_wconf 86' lang='lat' dir='ltr'>p.</span> <span class='ocrx_word' id='word_1_323' title='bbox 522 4631 570 4678; x_wconf 78' lang='lat'>135</span> <span class='ocrx_word' id='word_1_324' title='bbox 590 4630 649 4680; x_wconf 88' lang='lat' dir='ltr'>adn.</span> <span class='ocrx_word' id='word_1_325' title='bbox 673 4629 693 4680; x_wconf 88' lang='grc'>1.</span> 
     </span>
    </p>
   </div>
   <div class='ocr_carea' id='block_1_8' title="bbox 0 0 1644 5478">
    <p class='ocr_par' dir='ltr' id='par_1_13' title="bbox 0 0 1644 5478">
     <span class='ocr_line' id='line_1_43' title="bbox 0 0 1644 5478; baseline 0 0"><span class='ocrx_word' id='word_1_326' title='bbox 0 0 1644 5478; x_wconf 95' lang='lat' dir='ltr'> </span> 
     </span>
    </p>
   </div>
  </div>
 </body>
</html>
