3240 5478
756 573 978 643 .-38-

253 750 320 814 ἀπὸ
337 749 719 832 cupream-adiciendae
735 752 846 832 sunt1).
865 751 992 832 Quibus
1009 754 1159 834 exceptis
1177 751 1318 834 omnes2)
1335 753 1488 832 privatae

255 839 371 901 civium
395 859 512 901 causae
536 859 555 900 a
579 840 644 901 suis
668 840 729 902 illis
753 843 886 922 quidem
903 841 1147 925 magistratibus
1161 849 1329 922 acceptae,
1354 841 1413 904 'sed
1437 841 1488 902 ab·

253 927 383 991 arbitris
407 931 581 990 instructae
606 937 639 990 et
670 931 774 1009 primo
800 930 996 1001 diiudicatae
1021 938 1111 1007 sunt;
1147 938 1215 992 tum
1238 932 1265 992 si
1288 931 1489 1010 provocatio

253 1017 363 1093 fiebat,
387 1018 429 1079 ad
454 1019 677 1097 magistratum
702 1039 794 1081 suum
819 1039 968 1102 quaeque
992 1039 1043 1081 res
1068 1019 1204 1088 redibat,
1241 1019 1341 1100 Quod
1365 1021 1391 1080 si
1415 1039 1481 1079 non

254 1109 395 1168 omnium
419 1107 676 1186 magistratuum,
702 1108 756 1188 qui
780 1108 973 1170 arbitrorum
998 1128 1100 1188 opera
1116 1108 1299 1186 utebantur,
1324 1107 1486 1188 exempla

253 1205 380 1259 servata
404 1203 486 1272 sunt,
513 1214 577 1256 non
601 1196 734 1258 multum
759 1196 875 1276 differt,
899 1205 949 1258 tot
973 1197 1173 1259 orationibus
1197 1197 1345 1278 perditis,
1381 1197 1486 1277 longe

252 1285 398 1366 plurimis
414 1284 547 1346 omnino
565 1304 629 1345 non
647 1285 750 1350 editis.
777 1284 811 1348 Si
834 1306 912 1346 vero
937 1287 968 1347 in
992 1307 1090 1348 unum
1115 1285 1259 1348 conferre
1282 1286 1367 1361 lIcet,
1394 1306 1485 1368 quos

254 1394 351 1456 supra
375 1373 639 1452 enumeravimus
664 1374 724 1435 hos
748 1376 954 1458 magistratus
970 1384 1126 1444 oratores¹
1141 1383 1319 1438 testantur:
1345 1375 1482 1437 archon·

252 1471 333 1536 tem,
366 1462 623 1539 thesmothetas,
656 1483 815 1544 pagorum
850 1464 972 1526 iudices
1003 1465 1034 1524 in
1065 1465 1198 1544 privatis
1222 1466 1339 1526 civium
1364 1465 1483 1544 causis,

252 1551 498 1632 polemarchum
523 1553 554 1612 in
577 1554 823 1632 peregrinorum
839 1552 958 1616 litibus.
986 1551 1055 1616 Sed
1072 1562 1104 1614 et
1120 1561 1248 1615 ceteros
1272 1555 1484 1633 magistratus

253 1661 369 1707 causas
385 1641 526 1721 privatas
542 1639 667 1702 arbitris
683 1641 855 1704 tradidisse
872 1643 1053 1722 putandum
1070 1649 1129 1717 est,
1148 1663 1344 1724 quamquam
1360 1641 1480 1704 nullum

252 1739 401 1792 veterum
424 1729 644 1791 testimonium
668 1730 765 1791 affere
789 1750 972 1810 possumus.

299 1817 423 1881 Omnes
447 1837 505 1879 eos
527 1818 630 1893 locos
656 1821 711 1899 qui
730 1819 804 1880 huIc
820 1820 1001 1899 sententiae
1018 1819 1150 1882 obstare
1167 1821 1326 1899 videntur,
1350 1819 1484 1882 Hubert

253 1929 285 1989 p.
311 1907 352 1969 37
378 1927 426 1988 sq.
451 1915 540 1968 recte
563 1907 793 1988 interpretatus
818 1917 876 1970 est.
909 1907 960 1969 De
984 1929 1049 1970 uno
1072 1909 1146 1971 loco
1170 1909 1221 1970 Ps.
1246 1908 1484 1970 Demosthenis

252 1996 310 2082 (or.
335 1996 377 2057 42
397 1998 434 2060 ‘iu
457 1997 635 2076 Phaenipp.
661 1995 683 2080 ξ
712 1997 763 2077 12)
795 1999 826 2058 in
857 2017 891 2058 re
922 2014 987 2058 non
1011 1997 1109 2061 dubia
1133 1997 1317 2060 dubitanter
1350 1998 1483 2060 locutus

253 2095 314 2148 est.
339 2087 423 2148 Nam
442 2084 601 2171 Heffter³)
625 2094 660 2148 et
673 2084 937 2171 Hudtwalcker4)
954 2107 972 2147 e
989 2083 1107 2172 [Dem]
1131 2087 1253 2150 verbis:
1278 2087 1482 2170 ἡγησάμενος

253 2175 349 2254 δ’ἒγὼ
362 2175 416 2238 καὶ
424 2175 554 2256 μετρίου
567 2175 621 2236 καὶ
634 2175 844 2257 ἀπράγμονος
856 2175 932 2238 εἶναι
948 2177 1078 2239 πολίτου
1090 2177 1137 2260 μὴ
1148 2177 1245 2246 εὐθὺς
1261 2177 1312 2239 ἐπὶ
1335 2176 1482 2257 κεφαλὴν

252 2267 295 2334 εἷς
303 2264 338 2326 τὸ
348 2264 551 2345 δικαστήριον
562 2263 701 2343 βαδίζειν
713 2263 949 2344 concluserant,
962 2265 1115 2327 arbitrum
1127 2265 1292 2348 publicum
1305 2265 1336 2326 in
1349 2265 1481 2326 actione

253 2353 443 2420 ἀντιδόσεως
475 2371 606 2414 munere
640 2372 704 2412 non
736 2351 878 2414 functum
902 2373 986 2417 esse.
1034 2347 1128 2416 Haec
1151 2356 1388 2435 argumentatio
1413 2374 1480 2414 non

253 2442 355 2504 modo
380 2441 478 2502 dubia
501 2443 561 2504 sed
580 2439 660 2502 salsa
683 2450 741 2510 est.
767 2443 851 2504 Nam
869 2451 979 2504 orator
1002 2445 1141 2522 opponit
1164 2444 1314 2505 iudicium
1333 2451 1366 2505 et
1390 2463 1479 2505 com-

252 2531 458 2612 promissum,
476 2531 678 2612 δικαστήριον
695 2541 728 2593 et
744 2531 885 2594 διάλυσιν
893 2557 904 2608 ,·
926 2531 1034 2593 arbitri
1051 2540 1161 2594 autem
1179 2531 1298 2612 publici
1315 2533 1357 2593 ad
1374 2531 1476 2615 δίκην,

252 2621 367 2700 privati
392 2620 499 2681 arbitri
524 2620 565 2680 ad
590 2619 732 2682 διάδοσιν
755 2621 927 2700 pertinent.
959 2621 1002 2682 Et
1025 2623 1050 2682 si
1074 2621 1252 2702 Phaenippi
1275 2622 1480 2683 adversarius

252 2729 414 2790 praeceps
438 2708 469 2768 in
493 2708 646 2770 iudicium
669 2710 795 2783 ruisset,
820 2730 871 2771 res
895 2710 937 2770 ad
962 2710 1111 2790 publicos
1135 2711 1270 2771 arbitros
1290 2711 1483 2772 instruenda

251 2798 430 2863 transisset.

818 2956 837 3042 a
865 2957 915 3025 ιο,

252 3119 314 3193 De
342 3121 516 3213 ratione,
547 3140 649 3214 quae
678 3122 788 3194 inter
814 3139 1014 3218 pagorum
1043 3122 1199 3195 iudices
1228 3129 1270 3194 et
1299 3121 1480 3195 arbitros

500 3245 502 3250 “
718 3247 1011 3320 intercedebat.

297 3417 403 3498 Supra
428 3419 685 3481 demonstratum
702 3428 762 3496 est,
786 3441 850 3481 non
867 3420 971 3482 solum
987 3441 1147 3503 pagorum
1164 3421 1287 3486 iudices
1303 3422 1362 3483 sed
1379 3422 1476 3484 etiarn

252 3509 332 3570 alios
356 3507 563 3586 magistratus
587 3508 715 3569 arbitris
739 3529 853 3570 causas
876 3511 1084 3573 instruendas
1108 3511 1291 3574 tradidisse.
1317 3510 1476 3573 Attamen

253 3597 295 3657 illi
320 3616 395 3658 cum
420 3597 547 3658 arbitris
571 3599 668 3658 artius
692 3598 854 3659 coniuncti
879 3608 977 3677 erant,
1010 3621 1109 3680 quam
1133 3601 1231 3662 ceteri
1256 3601 1474 3680 magistratus

252 3685 338 3748 Tota
361 3694 470 3746 autem
495 3686 641 3765 quaestio
666 3687 754 3766 apud
777 3686 961 3750 Hubertum
986 3689 1219 3770 perspicuitate
1245 3698 1341 3757 caret.
1381 3689 1415 3751 P.
1434 3687 1480 3749 3ί)

253 3793 367 3837 omnes
391 3770 457 3834 sere
483 3794 598 3834 causas
623 3775 764 3853 privatas
797 3777 913 3839 decem
939 3777 1165 3839 drachmarum
1189 3779 1328 3858 pretium
1351 3786 1478 3840 transe-

252 3871 345 3925 untes
369 3863 457 3942 apud
481 3862 619 3923 arbitros
644 3872 735 3925 actas
759 3884 831 3926 esse
854 3866 942 3944 dicit,
967 3867 1010 3928 ita
1034 3867 1177 3946 quidem,
1203 3875 1238 3928 ut
1253 3887 1413 3946 pagorum
1429 3868 1477 3929 iu-

252 3953 340 4013 dices
364 3951 518 4034 ἡγεμόνες
541 3959 658 4016 essent.
695 3953 727 4013 P.
746 3952 789 4016 39
813 3955 971 4016 adversus
994 3955 1073 4018 Poll.
1097 3955 1181 4029 VIII,
1206 3955 1249 4018 93
1273 3976 1346 4016 eum
1372 3956 1478 4036 magi-

250 4049 395 4114 stratum,
421 4041 474 4121 qui
499 4041 530 4101 in
554 4061 683 4121 quaque
707 4062 741 4103 re
765 4051 964 4123 potestatem
989 4045 1064 4106 iuris
1082 4044 1211 4106 dicendi
1235 4044 1384 4124 haberet,
1408 4063 1477 4108 rem

251 4132 418 4210 accepisse
442 4130 629 4211 arbitroque
651 4131 824 4194 tradidisse
849 4131 1030 4197 contendit.

289 4289 308 4354 ¹)
329 4290 368 4340 CI.
388 4293 421 4342 D.
443 4298 486 4339 art.
504 4287 593 4341 Proc.2
612 4308 636 4355 p.
657 4291 699 4343 68.

286 4359 308 4427 2)
327 4363 398 4410 Idem
418 4363 496 4410 docet
515 4363 635 4411 articulus
653 4363 753 4410 additus
773 4364 796 4410 in
816 4364 896 4414 schol.
916 4366 948 4414 ad
970 4363 1034 4414 Plat.
1047 4366 1098 4426 leg.
1118 4366 1165 4426 XI,
1183 4382 1209 4429 p.
1222 4365 1273 4414 926
1293 4365 1321 4414 C.
1342 4362 1479 4427 διαιτηταί,

198 4446 200 4450 ·
251 4430 278 4483 ἓν
296 4430 333 4488 οἷς
353 4430 483 4497 εἰσήγοντο
502 4432 537 4482 αἱ
553 4431 684 4483 ἰδιωτικοὶ
704 4432 784 4494 δίκαι,
803 4435 828 4482 id
849 4437 918 4500 quod
937 4436 1041 4485 Hubert
1059 4455 1084 4500 p.
1105 4437 1138 4485 39
1156 4436 1340 4487 anlmadverlit.

287 4502 308 4568 ⁸)
328 4505 378 4553 Die
399 4505 564 4554 athenaische
584 4505 855 4569 Gerichtsverfassung‚
874 4523 898 4569 p.
920 4507 979 4555 288.

285 4575 307 4641 ⁴)
326 4593 351 4640 p.
373 4577 415 4635 34,
436 4577 494 4629 adn.
515 4577 555 4625 34.
