3240 5478
634 577 851 640 ,17-

120 751 343 812 accusativum
374 770 440 811 non
471 749 515 811 ad
546 749 666 812 διαιτᾶν
688 750 748 812 sed
783 749 826 811 ad
861 750 999 813 δείκνυσι
1032 751 1238 815 referendum
1265 773 1351 820 esse.

121 837 191 901 Sed
212 839 409 919 exemplum,
434 838 523 920 quod
547 839 640 902 affert
663 859 681 901 e
705 839 794 906 Pind.
819 837 953 920 Olymp.
970 838 1047 915 pr
1070 841 1160 904 πόλιν
1188 840 1352 906 δ’ὤπασεν

121 927 201 990 λαόν
224 951 255 990 τε
279 927 407 1000 διαιτᾶν,
433 927 509 988 mihi
535 929 665 1008 quidem
690 948 756 990 non
780 930 824 990 ita
840 927 976 991 multum
991 928 1099 990 valere
1115 930 1248 999 videtur.
1276 931 1352 994 Hoc

121 1017 208 1078 enim
244 1017 319 1078 loco
355 1015 489 1078 verbum
514 1017 633 1079 διαιτᾶν
667 1017 698 1078 in
733 1016 797 1080 line
832 1018 1011 1079 sententiae
1046 1019 1189 1098 positum
1213 1028 1264 1081 est
1288 1021 1354 1082 dis·

120 1106 266 1168 iunctum
291 1113 325 1168 et
341 1104 536 1181 absolutum,
561 1105 615 1168 illo
639 1126 718 1168 vero
734 1105 808 1168 loco
825 1107 1026 1186 accusativis,
1051 1107 1203 1188 aquibus
1220 1109 1352 1172 minime

121 1194 278 1258 abhorret
287 1192 324 1279 ¹),
352 1194 530 1276 praecedit.
1106 1241 1109 1248 ·

169 1281 237 1345 Sed
269 1291 304 1345 ut
346 1283 389 1344 ad
433 1302 499 1344 rem
539 1283 691 1362 redeam,
735 1281 904 1346 difficultas
946 1285 1028 1346 inter
1067 1283 1282 1348 Aristotelem
1319 1295 1353 1349 et

122 1372 177 1435 Ps.
203 1371 464 1434 Demosthenem
485 1392 550 1432 non
571 1392 609 1433 ea
638 1380 699 1448 est,
723 1380 759 1433 ut
786 1371 856 1434 tolli
877 1375 1007 1434 omnino
1027 1383 1177 1454 nequeat,
1201 1376 1229 1436 si
1250 1376 1353 1438 modo

119 1461 383 1523 Demosthenem
415 1469 504 1523 recte
536 1468 568 1522 et
599 1460 789 1540 simpliciter
819 1461 1074 1542 interpretamur.
1122 1463 1195 1525 Non
1230 1464 1272 1526 ab
1297 1483 1352 1525 ar-

119 1549 279 1612 bitrorum
313 1549 440 1630 collegii
477 1549 592 1612 decem
623 1550 771 1630 partibus
809 1550 933 1612 initium
965 1551 1151 1632 explicandi
1181 1551 1350 1630 faciamus,

121 1639 183 1701 sed
206 1660 225 1699 a
248 1638 339 1714 locis,
372 1639 427 1700 ubi
450 1637 559 1701 arbitri
582 1638 779 1702 iudicabant.
818 1639 912 1702 Haec
946 1639 1019 1701 loca
1042 1640 1176 1720 singulis
1199 1641 1351 1704 tribubus

121 1729 301 1789 constituta
332 1735 423 1789 erant
457 1727 509 1788 vel
540 1727 636 1789 binae
667 1728 771 1790 tribus
803 1748 900 1790 unum
932 1748 1139 1790 communem
1169 1729 1349 1808 habebant,

120 1835 207 1896 quae
232 1813 460 1897 Schdmanni2)
491 1817 533 1878 ab
565 1817 715 1879 Huberto
740 1816 784 1898 (p.
810 1813 863 1901 30)
895 1818 1035 1897 probata
1067 1820 1227 1880 sententia
1251 1828 1302 1881 est
1312 1818 1350 1901 3).

119 1904 255 1966 Arbiter
276 1905 320 1966 ad
343 1903 447 1966 lorum
471 1907 517 1967 rei
541 1925 578 1968 se
602 1905 800 1985 applicabat.
841 1905 875 1968 Si
891 1907 962 1986 quis
982 1927 1000 1968 e
1017 1915 1135 1969 cuncto
1151 1907 1349 1970 arbitrorum

119 2013 257 2055 numero
288 2003 377 2055 sorte
408 2002 538 2056 creatus
573 2014 706 2056 causam
736 2004 920 2074 acceperat,
945 2015 992 2057 eo
1015 1993 1112 2056 loco
1136 2015 1223 2058 eam
1251 1997 1350 2059 diiu-

121 2083 316 2157 dicabat,
354 2085 422 2162 qui
460 2084 592 2145 tribui
627 2083 687 2145 rei
723 2083 968 2146 destinatus
1004 2092 1104 2146 erat.
1151 2085 1215 2146 Ita
1239 2086 1349 2147 idem

119 2171 287 2233 arbiter
311 2171 504 2234 diversas
528 2172 629 2236 lites
653 2173 839 2234 diversis
863 2172 972 2234 locis
996 2173 1248 2242 instruebat.

166 2259 240 2322 Hac
263 2263 389 2323 ratione
404 2262 456 2330 Ps.
480 2261 715 2324 Demosthenis
739 2261 846 2323 verbis
870 2261 1043 2342 explicatis
1067 2263 1244 2324 concidunt
1274 2284 1351 2344 quo-

121 2369 203 2430 que,
248 2369 331 2429 quae
362 2350 505 2435 Bergke)
540 2351 581 2414 de
616 2352 773 2431 prytaniis
802 2350 928 2430 collegii
965 2350 1159 2413 arbitrorum
1196 2353 1349 2422 coniecit.

119 2438 207 2500 Nam
231 2439 257 2498 si
288 2438 480 2501 arbitrorum
516 2439 688 2520 collegium
719 2441 750 2501 in
773 2439 875 2501 nullas
907 2440 1039 2502 omnino
1064 2449 1172 2519 partes
1196 2461 1305 2522 neque
1329 2463 1349 2504 e

118 2526 268 2590 tribubus
291 2536 438 2606 sumptas
462 2547 522 2589 nec
545 2529 724 2590 secundum
748 2529 849 2590 tribus
881 2530 1075 2590 constitutas
1107 2529 1242 2592 divisum
1267 2539 1348 2606 erat,

119 2636 161 2677 ne
185 2616 353 2696 prytaniae
377 2617 509 2696 quidem
533 2636 605 2678 esse
630 2625 791 2698 poterant.
816 2617 910 2680 Idem
934 2617 1042 2698 priore
1066 2619 1225 2681 sententia
1248 2619 1348 2684 tacite

119 2713 246 2769 mutata
269 2704 398 2784 Lipsius
430 2705 549 2767 sentire
571 2707 706 2769 videtur.
755 2703 822 2768 Sed
854 2714 921 2766 tam
945 2707 1097 2787 ambigue
1120 2706 1280 2788 loquitur,
1313 2718 1349 2770 ut

119 2795 197 2874 quid
228 2794 347 2856 sentiat
378 2793 507 2856 difficile
539 2794 708 2876 intellegas
719 2791 752 2879 ⁶).
799 2793 892 2856 Plura
916 2795 958 2856 de
982 2795 1175 2856 arbitrorum
1201 2796 1349 2878 collegio

118 2881 200 2944 inira
224 2883 381 2950 dicentur,

694 3026 711 3108 e
736 3026 765 3089 5.

411 3169 473 3244 De
503 3171 751 3246 arbitrorum
778 3171 1055 3245 iureiurando

163 3327 228 3389 Diu
251 3329 282 3389 in
315 3328 378 3390 hac
411 3330 601 3409 quaestione
635 3329 856 3392 testimonium
889 3329 1087 3408 antiquitatis
1126 3327 1347 3391 desideratum

118 3425 179 3485 est.
220 3416 416 3480 Aristoteles
441 3438 512 3480 eam
538 3436 669 3500 quoque
694 3436 762 3478 rem
786 3417 930 3485 illustrat,
979 3417 1051 3479 Nec
1084 3434 1160 3478 vero
1184 3420 1216 3478 in
1240 3419 1349 3497 capite

118 3561 278 3568 ---—-—-

163 3611 185 3676 1)
205 3613 319 3662 Verbum
347 3612 448 3663 διαιτᾶν
476 3631 533 3664 cum
562 3630 616 3663 acc.
645 3611 718 3677 νείκη
748 3613 911 3662 coniunctum
943 3613 1020 3662 Dion.
1045 3614 1105 3666 Hal.
1126 3613 1149 3675 7,
1175 3613 1207 3661 52
1235 3613 1347 3663 exhibet.

118 3681 242 3735 Similiter
269 3685 294 3734 in
322 3687 367 3736 Ar.
388 3701 442 3750 cap.
462 3686 505 3746 53,
525 3683 540 3752 ξ
561 3687 575 3733 2
595 3681 713 3742 δικάζειν
732 3699 787 3732 cum
815 3699 867 3734 aec.
886 3679 933 3747 τὴν
951 3681 1038 3748 φυλήν
1057 3685 1218 3734 coniunctum
1239 3691 1285 3745 est,
1305 3686 1349 3748 qui

119 3771 180 3861 usup
200 3757 415 3874 apppulsuetudine
435 3757 535 3842 linguae
554 3757 668 3804 Graecae
689 3770 793 3820 prorsus
813 3771 864 3802 non
884 3756 979 3803 alienus
998 3765 1044 3808 est.

164 3825 187 3962 ⁸3
204 3828 572 3963 Prdeieiglhseliiteginffluam
600 3899 695 3947 duabus
727 3899 844 3946 tribubus
872 3897 1022 3946 destinatam
1042 3897 1118 3946 luisse
1138 3912 1168 3946 ex
1186 3894 1286 3962 (Dem.)
1304 3912 1344 3947 or.

116 3969 151 4016 47
172 3966 188 4034 ξ
213 3969 242 4018 12
268 3967 431 4034 intellegitur,
450 3979 506 4018 stoa
530 3970 631 4034 poecile
656 3970 724 4032 apud
753 3969 953 4018 Demosthenem
973 3970 1018 4029 (or.
1037 3969 1071 4017 45
1092 3966 1109 4033 ξ
1132 3967 1173 4034 17)
1192 3968 1348 4017 nominatur.

116 4042 158 4088 De
178 4039 269 4089 ceterIs
288 4039 440 4089 arbitrorum
469 4042 531 4090 locis
559 4041 620 4090 nihil
650 4041 770 4088 traditum
799 4039 951 4105 accepimus.
976 4040 1015 4091 Cl.
1034 4040 1161 4088 Thumser
1179 4055 1205 4102 p.
1224 4039 1284 4091 594.
1304 4040 1347 4088 De

117 4111 251 4176 delphinio
281 4127 321 4160 res
349 4112 429 4161 minus
456 4121 524 4161 certa
544 4120 590 4160 est.
627 4112 667 4160 Ibi
685 4113 750 4161 enim
769 4112 947 4161 tantummodo
965 4111 1022 4159 iura
1040 4109 1147 4160 iuranda
1166 4112 1275 4174 partium
1294 4110 1348 4159 liti·

117 4181 232 4287 gaqtium
252 4183 318 4299 {acta
337 4197 394 4232 esse
413 4183 527 4268 legimus.
547 4184 585 4235 cf.
604 4183 702 4231 Hubert
720 4197 747 4246 p.
766 4183 809 4232 40.

165 4253 186 4390 ⁵3
204 4255 319 4374 denobi'e
332 4255 557 4378 liibgdljulieih.
578 4325 602 4374 d.
623 4326 656 4374 K.
676 4323 701 4374 S.
721 4323 753 4376 G.
771 4324 796 4376 d.
809 4323 851 4374 W.
870 4339 900 4372 zu
926 4322 1033 4388 Leipzig
1054 4324 1130 4385 1891,
1154 4339 1180 4389 p,
1199 4324 1247 4373 58:
1266 4324 1348 4373 Unter

117 4395 189 4445 diese
208 4396 329 4446 verteilen
358 4397 399 4445 die
427 4397 463 4446 40
490 4399 581 4445 durchs
600 4397 652 4444 Los
678 4395 719 4444 die
745 4393 964 4444 vorkommenden
993 4395 1148 4443 Rechtslfille
1166 4410 1211 4443 zur
1230 4395 1346 4443 schieds·

117 4467 298 4517 richterlichen
319 4467 507 4532 Entscheidung
534 4468 586 4517 und
614 4483 680 4515 zwar
707 4467 773 4516 nach
801 4465 899 4531 (Dein.)
928 4466 971 4528 47,
994 4466 1023 4514 12
1040 4465 1098 4527 jede
1119 4465 1224 4516 Sektion
1244 4467 1291 4512 der
1309 4464 1347 4514 40

118 4540 268 4602 gesondert,
287 4539 349 4586 aber
368 4539 436 4588 nieht
455 4555 503 4587 nur
522 4555 552 4588 an
572 4537 717 4602 Mitglieder
735 4537 804 4585 ihrer
822 4539 908 4601 Phyle.
