3240 5478
776 561 997 624 „20-

273 743 361 822 apud
386 740 509 803 iudices
533 748 566 801 et
582 740 670 820 apud
687 739 834 816 arbitros,
859 759 923 801 non
948 739 1035 820 apud
1057 741 1283 821 magistratum
1301 757 1435 800 causam
1459 738 1514 800 in-

274 839 450 894 struentem
474 829 506 890 in
529 848 589 890 usu
614 837 682 890 erat
691 825 724 915 1),
755 827 965 910 Ἐξωμοσίαν
989 836 1098 890 autem
1122 828 1210 908 apud
1234 827 1357 889 iudices
1381 845 1447 888 non
1472 827 1515 886 in·

274 919 327 982 illo
351 919 459 1000 lapide
482 917 541 979 sed
565 919 596 978 in
620 919 693 996 ipso
716 917 837 978 iudicio
873 913 993 978 factam
1017 936 1092 980 esse
1117 935 1134 978 e
1158 917 1253 984 Dem.
1278 935 1323 984 or,
1349 915 1391 977 45
1414 912 1509 1000 (adv.

274 1007 402 1093 Steph.)
425 1005 448 1091 ξ
471 1005 517 1069 60
539 1015 684 1087 apparet.

317 1115 379 1177 Hic
403 1113 519 1193 al¹quis
543 1110 746 1186 concluserit,
771 1113 860 1193 quod
885 1112 927 1174 de
951 1112 1118 1194 ε’ξωμοσίᾳ
1142 1131 1185 1174 ex
1209 1111 1389 1176 Aristotele
1414 1133 1505 1175 com·

273 1205 432 1284 perimus,
467 1201 562 1264 etiam
593 1201 635 1262 ad
666 1201 748 1280 loca,
788 1201 842 1263 ubi
867 1202 978 1264 arbitri
1002 1201 1229 1278 considebant,
1257 1202 1516 1282 quodammodo

273 1293 444 1373 pertinere.
470 1291 553 1352 Nam
575 1291 601 1351 si
617 1298 719 1352 testes
736 1290 924 1352 testimonia
940 1309 1004 1352 non
1021 1297 1224 1370 praestantes
1240 1290 1323 1351 inter
1338 1292 1508 1371 ἀνάκρισιν

273 1381 383 1442 arbitri
415 1380 457 1441 ad
488 1379 575 1440 illum
606 1378 746 1460 lapidem
772 1378 912 1442 ducendi
945 1388 1052 1458 erant,
1084 1379 1206 1441 arbitrii
1237 1379 1344 1442 locum
1376 1379 1417 1441 ab
1449 1379 1514 1442 illo

275 1470 381 1550 lapide
405 1489 469 1530 non
494 1467 627 1530 multum
652 1467 768 1530 afuisse
792 1477 935 1548 putares.
968 1467 1044 1530 Duo
1061 1467 1142 1543 loca,
1168 1477 1202 1530 ut
1226 1488 1325 1548 supra
1349 1469 1513 1542 diximuS,

274 1559 402 1630 scimus,
435 1557 595 1620 heliaeam
631 1555 738 1641 (Dem.
763 1577 808 1623 or.
835 1557 876 1618 47
901 1555 920 1640 ξ
948 1557 999 1638 12)
1024 1565 1056 1618 et
1088 1556 1184 1620 στοὰν
1215 1558 1362 1640 ποικίλην
1394 1556 1506 1642 (Dem.

276 1669 322 1710 or.
349 1644 437 1730 45ξ
467 1645 516 1728 17)
564 1645 688 1707 Tamen
714 1647 755 1707 de
779 1646 894 1708 ceteris
917 1645 997 1708 locis
1020 1646 1198 1729 quidquam
1221 1665 1283 1726 pro
1307 1655 1397 1708 certo
1422 1645 1507 1708 affir-

276 1756 363 1798 mare
387 1755 512 1803 vereor,
537 1735 620 1795 Nam
646 1743 681 1796 ut
704 1735 735 1795 in
759 1735 854 1798 Dem.
873 1756 918 1796 or.
945 1735 987 1800 54
1010 1733 1033 1820 ξ
1058 1734 1100 1797 26
1124 1735 1209 1797 actio
1232 1735 1322 1814 apud
1347 1735 1511 1796 arbitrum

276 1826 360 1888 ultra
383 1825 523 1886 mediam
548 1833 677 1884 noctem
703 1824 885 1900 duceretur,
917 1823 1054 1888 sortasse
1078 1844 1119 1887 eo
1143 1824 1294 1887 effectum
1320 1832 1378 1900 est,
1413 1825 1512 1904 quod

276 1914 357 1994 lapis
382 1935 401 1975 a
425 1912 503 1974 sede
525 1913 633 1974 arbitri
657 1911 784 1992 longius
807 1915 927 1977 aberat.
948 1913 1104 1976 Veterum
1118 1913 1159 1975 de
1175 1913 1237 1975 hac
1261 1932 1295 1974 re
1319 1914 1515 1975 testimonia

275 2003 392 2064 frustra
417 2003 571 2082 requiras

323 2107 390 2171 Sed
413 2128 454 2169 ne
477 2107 603 2188 longius
627 2127 646 2168 a
670 2108 839 2188 proposito
857 2107 1064 2183 declinemus,
1089 2128 1185 2170 unum
1204 2117 1292 2172 certe
1304 2107 1510 2170 Aristoteles

279 2200 386 2275 docet,
411 2197 499 2279 quod
523 2197 755 2258 Hudtwalcker
779 2205 811 2258 et
834 2197 935 2259 Meier
951 2199 1150 2277 argumentis
1170 2217 1234 2260 non
1250 2197 1353 2259 allatis
1370 2207 1505 2260 conten-

279 2289 404 2359 derant.
430 2285 557 2347 Hubert
580 2295 765 2364 negaverat,
789 2285 937 2363 arbitros,
962 2296 1136 2367 antequam
1161 2286 1209 2348 ius
1234 2287 1391 2360 dicerent,
1417 2289 1503 2347 iure-

278 2376 411 2438 iurando
446 2375 582 2435 adactos
617 2393 706 2449 esse,
739 2383 806 2436 tum
831 2394 873 2436 ex
910 2376 1028 2437 eodem
1067 2375 1185 2454 lapide,
1222 2375 1277 2436 ubi
1313 2375 1509 2448 iuraverant,

279 2465 472 2528 sententiam
491 2483 548 2525 eos
565 2465 801 2543 pronuntiasse.
827 2462 891 2526 Sed
909 2465 996 2544 prius
1022 2463 1099 2525 illud
1116 2465 1336 2526 iusiurandum
1358 2465 1502 2526 omnium

279 2555 484 2628 arbitrorum,
514 2552 603 2632 quod
634 2554 692 2614 viri
724 2552 812 2614 docti
845 2555 875 2614 in
906 2553 994 2614 initio
1020 2554 1176 2633 cuiusque
1207 2555 1280 2614 anni
1311 2560 1503 2633 posuerunt,

278 2641 474 2704 Aristoteles
491 2642 653 2720 praeterit.
671 2641 752 2701 lnde
769 2661 854 2702 nova
871 2641 1019 2722 quaestio
1034 2641 1143 2714 oritur,
1164 2661 1240 2704 num
1257 2642 1298 2703 illi
1316 2642 1504 2714 erraverint,

279 2751 352 2793 cum
378 2731 419 2793 de
444 2729 608 2791 communi
641 2730 844 2792 iureiurando
877 2728 1103 2816 cogitarent2).
1155 2728 1250 2809 Quae
1274 2730 1433 2792 sententia
1457 2731 1507 2790 ad

278 2828 423 2882 nostram
447 2819 543 2898 plane
568 2827 721 2880 mutatam
754 2819 796 2882 de
831 2819 958 2880 arbitris
989 2819 1128 2900 publicis
1160 2820 1347 2900 opinionem
1371 2819 1506 2880 minime

278 2909 438 2990 quadrare
462 2908 599 2969 videtur.
626 2908 678 2969 Ex
703 2909 739 2969 iis
764 2909 848 2969 enim
874 2908 1009 2984 civibus,
1043 2910 1095 2989 qui
1120 2909 1360 2988 sexagesimum
1385 2908 1510 2969 aetatis

277 3016 394 3059 annum
418 2996 570 3076 agebant,
596 2997 704 3058 arbitri
728 3005 817 3058 sorte
842 2997 1043 3062 creabantur.
1086 2996 1205 3058 Aetate
1221 2997 1264 3058 ad
1282 3017 1397 3060 munus
1421 2996 1505 3057 arbi-

278 3096 404 3149 trorum
419 3085 567 3147 destinati
584 3085 727 3146 nondum
751 3086 860 3148 arbitri
884 3093 984 3160 erant,
1010 3084 1070 3150 sed
1093 3086 1161 3148 fieri
1188 3093 1350 3165 poterant,
1375 3085 1402 3146 si
1430 3103 1504 3146 sors

275 3167 323 3237 ¹eis
347 3174 486 3238 favebat.
526 3173 563 3234 Id
595 3182 703 3235 autem
734 3194 800 3236 non
832 3174 1036 3254 prohibebat,
1069 3176 1241 3256 quominus
1274 3194 1388 3236 omnes
1420 3173 1511 3235 illius-

278 3264 393 3327 aetatis
417 3265 504 3324 cives
519 3262 618 3342 vulgo
635 3263 744 3325 arbitri
762 3265 1004 3325 nominarentur
1014 3262 1052 3348 3);
1079 3283 1154 3326 nam
1171 3262 1299 3325 difficile
1315 3272 1385 3326 erat
1408 3263 1504 3335 scire,

277 3355 365 3415 cuius
391 3371 433 3414 ex
468 3351 617 3413 omnibus
650 3352 819 3414 destinatis
850 3373 920 3414 sors
953 3355 1124 3415 evenisset.
1171 3350 1239 3415 Sed
1263 3352 1297 3414 id
1319 3352 1508 3415 tenendum.

276 3451 334 3524 est,
359 3440 497 3503 arbitros
513 3451 580 3502 tum
599 3440 729 3501 demum
747 3461 862 3502 munus
879 3441 1045 3523 ingressos
1063 3459 1147 3517 esse,
1172 3461 1246 3504 cum
1263 3449 1351 3503 sorte
1368 3459 1509 3503 causam.

276 3531 515 3592 diiudicandam
532 3531 743 3609 susciperent.
769 3530 852 3591 Tum
870 3531 1073 3592 iureiurando
1090 3550 1173 3610 opus
1189 3538 1268 3608 erat,
1292 3549 1357 3591 non
1370 3531 1509 3594 ineunte·

276 3639 370 3694 ann0,
396 3639 469 3680 cum
493 3618 693 3679 sortitionum
718 3627 853 3680 eventus
878 3620 1017 3682 incertus
1041 3628 1138 3681 esset.
1182 3619 1326 3680 Diversis
1349 3618 1431 3682 locis
1454 3637 1504 3680 ar·

275 3709 348 3770 bitri
373 3728 487 3769 causas
511 3706 722 3792 instruebant,
746 3709 777 3768 in
801 3728 866 3769 uno
890 3709 1077 3790 eodemque
1101 3707 1209 3788 lapide
1227 3726 1340 3770 omnes
1363 3715 1397 3771 et
1418 3708 1506 3771 iura-

275 3798 355 3858 bant
378 3805 411 3859 et
434 3797 483 3858 ius
507 3797 669 3862 dicebant.

319 3903 445 3965 Hubert
475 3899 518 3984 (p.
544 3901 598 3986 32)
621 3903 814 3964 sententiam
848 3904 1040 3965 contrariam
1076 3903 1283 3965 similitudine
1306 3901 1506 3966 arbitrorum·

275 4013 348 4053 cum
372 3992 533 4054 iudicibus
558 3989 764 4076 heliasticisl)
779 3991 919 4072 probare
937 3992 1068 4076 studuit,
1093 4011 1152 4052 nos
1169 3991 1381 4054 Aristotelem
1396 3992 1508 4054 secuti

275 4081 337 4142 hac
362 4083 393 4143 in
417 4101 450 4142 re
474 4079 625 4161 publicos
642 4079 781 4142 arbitros
798 4101 871 4142 cum
888 4083 1020 4161 privatis
1037 4082 1145 4163 aptius
1163 4079 1403 4161 comparandos
1426 4097 1509 4142 esse

312 4345 333 4411 ¹)
353 4347 393 4397 Cr.
413 4349 445 4398 D.
466 4355 508 4397 att.
529 4343 650 4395 Process²
669 4364 694 4412 p.
709 4348 768 4397 884.

312 4417 336 4479 ²)
358 4418 397 4466 Cs.
416 4419 517 4467 Hubert
537 4435 561 4482 p.
583 4417 652 4482 atla

310 4485 331 4552 ³)
347 4486 437 4551 Ἀριστ.
454 4486 506 4538 Ἀθ.
525 4487 582 4537 πολ.
602 4505 655 4554 cap.
676 4489 718 4542 53.
738 4487 755 4555 ξ
773 4490 798 4539 4.

308 4560 331 4623 ⁴)
350 4561 389 4610 ct.
410 4561 442 4612 D.
463 4569 507 4610 att.
529 4557 613 4610 Proc²
631 4578 656 4625 p.
680 4561 737 4619 161,
756 4564 815 4610 adn.
837 4560 880 4613 29.
