3240 5478
797 567 991 629 ,4-

274 744 372 826 libelli
386 743 432 828 (p.
451 743 504 830 57)
520 745 562 808 ad
584 745 706 808 fructus
722 745 842 808 laboris
860 748 909 808 sui
926 747 1082 826 respexit.
1107 745 1179 806 Nec
1197 745 1368 811 immerito,
1415 745 1516 806 Nam·

275 834 426 915 prudenti
450 835 569 897 iudicio
593 835 712 910 omnia,
737 855 821 916 quae
846 843 913 896 turn
939 833 1125 908 exstabant,
1157 834 1190 894 in
1213 853 1310 896 unum
1337 840 1510 914 coegerat,

275 932 309 986 et
321 925 366 984 sic
378 943 447 986 rem
461 923 713 1004 contemplatus
735 925 761 986 si
776 923 852 1007 quid
864 931 988 985 certum
1002 932 1034 986 et
1054 922 1181 985 firmum
1196 922 1376 997 videbatur,
1398 925 1510 984 omni-

274 1013 336 1075 bus
361 1013 615 1075 dubitationibus
639 1021 817 1078 exemerat.

320 1118 414 1200 Quae
448 1121 562 1181 merita
597 1120 754 1200 magister
791 1121 860 1182 eius
896 1119 1103 1182 doctissimus
1123 1120 1152 1200 J.
1172 1119 1213 1182 H.
1242 1117 1400 1203 Lipsius1)
1434 1138 1505 1179 non

276 1209 345 1270 sine
368 1208 463 1271 laude
486 1211 763 1270 commemoravit.
813 1209 876 1272 Hic
900 1209 986 1270 enim
1010 1228 1075 1270 non
1099 1208 1199 1271 multo
1223 1217 1299 1290 post
1318 1207 1505 1270 Hubertum

276 1300 307 1360 in
331 1296 516 1377 appendice
532 1299 554 1366 Ι,
578 1297 650 1358 libri
673 1297 721 1359 sui
744 1295 1028 1380 praeclarissime),
1054 1319 1119 1378 quo
1144 1297 1186 1359 de
1209 1306 1281 1360 toto
1305 1297 1372 1358 iure
1386 1296 1515 1358 Attico*

277 1395 311 1448 et
334 1387 375 1447 de
400 1385 549 1449 omnibus
583 1386 680 1448 rebus
711 1388 800 1467 apud
836 1386 959 1448 iudices
994 1387 1133 1468 agendis
1167 1387 1410 1449 accuratissime
1441 1405 1505 1446 nos

277 1476 387 1552 docet,
412 1475 502 1537 etde
526 1474 653 1537 arbitris
678 1475 815 1555 publicis
831 1475 931 1537 verba
946 1473 1031 1538 fecit.
1064 1476 1137 1538 Nec
1152 1495 1230 1538 vero
1254 1476 1305 1536 via
1329 1483 1363 1536 et
1378 1475 1506 1536 ratione

276 1585 345 1626 rem
369 1563 554 1644 explicavit,
588 1564 647 1626 sed
670 1567 781 1645 paucis
805 1565 959 1646 gravioris
983 1565 1139 1628 momenti
1164 1564 1410 1647 quaestionibus
1435 1562 1504 1625 dili-

276 1654 404 1734 gentius
428 1655 592 1732 tractatis,
624 1653 783 1716 nonnullis
807 1654 920 1716 leviter
942 1655 1091 1733 astrictis,
1127 1662 1237 1717 cetera
1260 1652 1388 1715 silentio
1413 1672 1505 1714 corn-

277 1741 418 1822 probare
440 1742 577 1805 videtur.
624 1741 725 1804 Multa
749 1752 921 1823 praeterea
943 1745 1009 1806 suis
1033 1742 1114 1804 locis
1138 1763 1238 1822 supra
1265 1761 1502 1805 commemora-

276 1840 379 1898 verat.
426 1829 492 1892 Sed
514 1831 700 1894 continuam
724 1832 765 1894 de
789 1831 914 1894 arbitris
930 1831 1051 1894 Atticis
1076 1832 1259 1895 doctrinam
1283 1831 1315 1893 in
1339 1830 1396 1895 illo
1420 1830 1504 1893 libro

276 1917 394 1982 frustra
418 1921 626 2000 quaesiveris

323 2025 417 2106 Quae
443 2034 550 2087 autem
575 2046 672 2088 causa
696 2035 756 2102 est,
781 2035 928 2089 curtam
951 2027 1041 2090 brevi
1062 2029 1220 2107 temporis
1243 2025 1411 2090 intervallo
1428 2035 1512 2108 post.

277 2114 404 2177 illorum
422 2117 628 2196 quaestiones
641 2115 726 2177 idem
743 2117 884 2178 studium
901 2113 978 2178 mihi
994 2113 1249 2198 proposuerim?
1265 2115 1378 2180 Liceat
1390 2115 1514 2196 paucis-

278 2205 320 2265 ad
344 2203 427 2266 haec
450 2205 660 2284 respondere.
1306 2220 1308 2231 ’

324 2311 425 2374 Meier
453 2310 528 2372 olim
557 2311 659 2374 doluit
684 2308 727 2397 (p,
749 2311 777 2394 l)
795 2313 884 2393 quod
911 2309 1163 2397 Harpocratio³l,
1192 2331 1266 2373 cum
1287 2311 1502 2375 Aristotelem

278 2401 310 2462 in
342 2400 425 2462 libro
461 2401 502 2461 de
536 2399 702 2480 republica
726 2401 977 2465 Atheniensium
1013 2403 1055 2464 de
1089 2401 1217 2463 arbitris
1252 2400 1395 2463 locutum
1430 2420 1512 2463 esse·

279 2491 412 2565 diceret,
437 2488 545 2550 locum
569 2491 674 2572 ipsum
698 2509 763 2551 non
786 2490 928 2556 tradidit.

323 2596 412 2658 Ecce
435 2614 520 2656 nunc
544 2595 576 2656 in
591 2595 779 2659 Aristotelis
803 2596 884 2658 libro
910 2617 1012 2678 nuper
1027 2599 1159 2660 invento
1175 2596 1262 2659 illum
1279 2596 1388 2659 locum
1405 2595 1502 2658 habe-

279 2706 360 2762 mus,
394 2703 588 2746 nuncnova
619 2685 675 2747 lux
706 2685 819 2748 studiis
843 2688 1069 2767 antiquitatum
1100 2686 1228 2761 affulsit,
1261 2705 1345 2748 nunc
1368 2685 1420 2746 via
1442 2704 1502 2766 per

278 2775 387 2836 invias
422 2772 529 2834 adhuc
563 2782 596 2836 et
626 2774 800 2856 impeditas
830 2777 982 2855 regiones
1014 2783 1193 2842 monstrata
1218 2784 1279 2839 est.
1321 2774 1409 2836 Toto
1436 2772 1511 2836 fere·

278 2882 339 2943 cap
350 2863 394 2924 ite
414 2861 496 2927 LlIl.
520 2862 602 2925 illius
624 2862 694 2926 libri
717 2863 916 2928 celeberrimi
940 2865 1133 2928 arbitrorum
1157 2883 1290 2926 munera
1313 2863 1501 2925 describun-

277 2961 338 3026 tur,
364 2951 433 3012 aliis
456 2951 535 3012 locis
559 2950 644 3037 (cap.
669 2951 739 3021 LV,
764 2962 797 3015 et
820 2951 946 3038 LVIII.)
969 2953 1060 3018 brevi
1083 2961 1389 3030 commemorantur,
1414 2952 1509 3014 unde·

278 3040 394 3117 multa,
431 3059 514 3120 quae
548 3042 590 3103 ad
614 3049 773 3118 aetatem,
813 3062 1001 3120 numerum,
1037 3043 1269 3119 iusiurandum,
1302 3049 1500 3122 potestatem

278 3129 471 3191 arbitrorum
496 3129 698 3210 publicorum
723 3131 899 3211 pertinent,
924 3151 1010 3194 nova
1034 3132 1231 3195 concludere
1255 3131 1342 3200 licet.

322 3235 396 3298 Hoc
431 3235 526 3315 igitur
560 3237 636 3299 mihi
672 3239 847 3319 proposui,
883 3248 918 3301 ut
952 3239 1098 3319 priorum
1134 3239 1311 3300 sententias
1346 3257 1419 3299 cum
1443 3235 1505 3298 illo·

277 3333 411 3387 auctore
435 3344 645 3406 comparem,
681 3325 761 3390 falsa
784 3328 954 3408 corrigam,
978 3348 1064 3390 nova
1087 3327 1257 3408 illustrem,
1294 3345 1369 3389 vera
1394 3327 1502 3388 denuo

277 3414 477 3480 confirmem.

322 3519 375 3581 Ac
409 3539 449 3581 ne
483 3519 600 3600 longus
636 3523 713 3599 sim,
746 3523 788 3584 de
820 3523 939 3603 quibus
962 3521 1040 3584 nihil
1064 3523 1140 3583 novi
1165 3521 1277 3584 afferre
1301 3531 1429 3604 potem,
1461 3539 1501 3583 ea

277 3609 431 3671 brevibus
455 3609 634 3685 absolvam,
660 3630 743 3692 quae
767 3612 923 3674 mutanda
947 3619 1032 3692 sunt,
1058 3610 1245 3692 diligentius
1268 3612 1427 3674 tractabo.

322 3714 391 3780 Sed
414 3716 601 3800 priusquam
625 3718 667 3779 ad
694 3737 762 3780 rem
785 3719 919 3800 propius
943 3719 1111 3798 accedam,
1135 3717 1242 3781 facere
1266 3738 1331 3781 non
1354 3735 1500 3798 possum,

277 3808 353 3886 quin
378 3807 420 3868 de
444 3805 515 3869 libri
538 3805 740 3870 Aristotelici
764 3806 829 3869 fide
854 3827 958 3888 pauca
981 3808 1200 3887 praemittam.
1243 3807 1328 3870 Nam
1352 3814 1509 3869 auctores

277 3895 419 3958 incertos
444 3895 536 3979 sequi
561 3897 740 3976 insipientis
764 3905 824 3961 est.

320 4000 437 4064 Utrum
460 4001 541 4064 liber
563 4001 750 4066 Aristotelis
774 4004 931 4084 genuinus
956 4003 998 4066 sit
1021 4021 1134 4078 necne,
1167 4003 1250 4066 inter
1272 4004 1359 4065 viros
1383 4003 1509 4064 doctos-

276 4089 452 4153 vehemens
485 4091 679 4172 disceptatio
711 4100 781 4154 orta
811 4101 878 4172 est,
914 4112 979 4154 non
1011 4091 1113 4154 multo
1141 4100 1218 4172 post
1248 4092 1384 4172 primam
1415 4089 1508 4151 illam·

277 4234 434 4242 ———-

321 4283 345 4352 1)
364 4287 417 4335 Der
441 4286 548 4336 attische
567 4288 675 4336 Process
692 4303 742 4335 von
761 4289 796 4336 M.
813 4288 847 4337 H.
864 4289 894 4340 E.
914 4288 994 4337 Meier
1018 4304 1043 4341 u.
1064 4287 1095 4338 G.
1115 4287 1157 4341 Fr.
1177 4287 1330 4342 Schbmann.
1349 4287 1409 4337 Neu
1427 4287 1502 4336 bear·

278 4357 359 4407 beitet
377 4373 428 4406 von
448 4358 471 4422 J
489 4359 515 4406 H
544 4358 644 4421 Lipsius
667 4359 840 4408 1883-1887
859 4375 886 4424 p.
911 4359 987 4412 1015.

321 4426 346 4495 ²)
365 4445 390 4493 p.
414 4428 595 4480 roos-1015.

274 4569 289 4620 λ
321 4497 342 4586 ll
361 4501 440 4567 Harp.
460 4516 480 4552 s.
500 4518 524 4551 u.
544 4497 692 4565 διαιτηταί·
710 4497 776 4566 λέγει
796 4497 825 4551 δὲ
848 4498 908 4566 περὶ
928 4498 1014 4552 αὐτῶν
1031 4498 1213 4566 Ἀριστοτέλης
1232 4499 1259 4552 ἐν
1275 4498 1431 4567 Ἀθηναίων
1454 4515 1508 4549 πο·-

291 4589 361 4636 arcp.
