3240 5478
633 574 856 638 „33-

113 763 267 833 erentur,
291 763 392 837 utque
417 755 662 836 magistratuum
684 772 784 816 onera
806 752 997 826 levarentur,
1023 757 1120 813 etiam
1144 751 1187 812 ad
1211 749 1285 812 lites
1309 769 1364 829 pe·

118 844 330 924 regrinorum
354 846 437 906 inter
460 863 495 906 se
520 852 651 906 etcum
676 843 800 904 civibus
824 842 972 921 agendas
995 840 1147 902 valebant
1157 838 1194 923 1).

171 932 291 995 Restat
314 941 349 995 ut
374 933 415 994 de
438 932 563 995 iudiciis
587 951 764 1006 servorum,
805 933 860 1011 qui
884 931 967 993 inter
990 930 1183 1011 peregrinos
1207 927 1365 1009 quodam-

120 1021 231 1084 modo
255 1021 445 1083 numerandi
470 1030 555 1094 sunt,
580 1040 686 1101 pauca
709 1020 880 1088 addamus,
905 1019 1080 1082 Servorum
1098 1037 1217 1080 causae
1233 1035 1299 1077 non
1323 1014 1366 1076 ad

121 1109 376 1191 polemarchum
401 1109 597 1173 deserendae
622 1118 724 1192 erant,
749 1109 808 1172 sed
832 1109 876 1170 ad
900 1110 991 1188 ipsos
1013 1127 1175 1189 pagorum
1199 1101 1365 1190 iudices2).

125 1197 179 1267 Cf,
205 1198 309 1278 Harp.
335 1219 360 1261 S.
385 1220 415 1262 v.
441 1201 505 1261 ὅτι·
538 1201 584 1262 ὅτι
607 1198 690 1280 πρὸς
711 1199 768 1281 τὴν
792 1199 897 1281 φυλὴν
919 1203 976 1260 τοῦ
999 1198 1197 1280 κεκτημένου
1221 1196 1254 1258 οἱ
1282 1193 1366 1275 πρὸς

123 1288 206 1356 τοὺς
230 1287 366 1356 δούλους
390 1289 599 1368 λαγχάνονται
631 1288 725 1350 δίκαι.
767 1287 831 1370 Τὴν
854 1287 959 1369 φυλὴν
990 1286 1032 1347 ad
1055 1304 1217 1367 pagorum
1242 1283 1367 1346 iudices

123 1375 339 1440 referendum
371 1397 459 1455 esse,
492 1397 557 1438 non
589 1377 632 1439 ad
664 1377 818 1452 arbitroS,
850 1375 979 1438 Hubert
1013 1371 1057 1458 (p.
1090 1373 1180 1457 28s9)
1211 1373 1367 1435 adversus

126 1463 414 1551 Schbmannum³)
438 1466 597 1547 probavit.
638 1464 705 1528 Sed
727 1465 857 1545 Lipsius
890 1485 964 1526 eum
988 1467 1020 1527 iu
1042 1462 1188 1525 secunda
1219 1461 1367 1524 eiusdem

125 1555 202 1617 libri
228 1551 397 1637 editione)
420 1564 641 1633 antevenerat,
661 1554 694 1616 id
711 1554 800 1634 quod
818 1553 859 1616 O.
876 1551 1086 1638 Landwehr⁵)
1108 1553 1367 1632 vituperavit,-

123 1645 293 1723 Pagorum
329 1644 452 1705 iudices
482 1664 649 1706 servorum
683 1663 798 1706 causas
829 1643 872 1704 ad
897 1663 932 1704 se
965 1641 1089 1704 delatas
1121 1648 1208 1703 sorte
1240 1640 1369 1702 arbitris

123 1731 317 1810 tradebant,
350 1732 376 1794 si
402 1732 502 1812 pluris
527 1753 623 1814 quam
657 1733 773 1794 decem
798 1731 961 1793 drachmis
985 1730 1250 1798 aestimabantur,
1291 1729 1367 1791 Huc

125 1823 277 1902 pertinet
300 1821 398 1883 Dem.
425 1841 472 1886 or.
497 1821 539 1883 55
563 1819 646 1906 (adv,
673 1820 809 1902 Callicl.)
834 1819 856 1905 ξ
881 1819 938 1882 31;
963 1821 1017 1883 καὶ
1040 1827 1097 1883 νῦν
1121 1819 1218 1888 αὐτὸς
1241 1819 1368 1901 ἐρήμην

124 1934 200 1993 μου
216 1911 475 1993 καταδεδιῄτηται
498 1913 645 1993 τοιαύτην
661 1911 771 1990 ἑτέραν
794 1911 894 1993 δίκην,
919 1909 1091 1991 Κάλλαρον
1107 1909 1369 1989 ἐπιγραψάμενος

123 2004 197 2062 τῶν
221 1999 313 2080 ἐμῶν
330 1999 474 2062 δούλιον·
492 1999 575 2080 πρὸς
598 1999 658 2080 γὰρ
682 2006 747 2068 τοῖς
770 2000 876 2069 ἄλλοις
899 2007 1013 2068 κακοῖς
1036 1999 1090 2061 καλ
1113 2003 1206 2060 τοῦτο
1222 2000 1369 2080 εὕρηνται

124 2088 297 2169 σόφισμα·
322 2087 486 2170 Καλλάρῳ
511 2091 567 2172 τὴν
591 2090 689 2170 αὐτὴν
712 2089 803 2170 δίκην
827 2088 1017 2165 δικάζονται.
1049 2088 1160 2150 Καίτοι
1183 2087 1228 2156 τίς
1259 2089 1300 2150 ἂν
1322 2087 1368 2149 οἶ-

127 2178 228 2258 κέτης
250 2177 286 2238 τὸ
309 2183 366 2240 τοῦ
390 2177 548 2241 δεσπότου
580 2178 703 2258 χωρίον
744 2178 1042 2259 περιοικοδομήσειε
1057 2178 1105 2259 μὴ
1129 2178 1369 2257 προστάξαντος

124 2271 188 2329 τοῦ
213 2265 380 2334 δεσπότου.
420 2266 474 2327 Ex
497 2266 562 2328 hoc
585 2266 659 2329 loco
683 2266 724 2327 de
748 2267 902 2328 universis
928 2276 1043 2328 contra
1066 2264 1213 2349 servos⁶)
1236 2266 1369 2327 actioni-

126 2355 196 2416 bus
221 2355 346 2434 optime
370 2355 512 2417 iudicare
537 2375 724 2436 possumus.

179 2441 317 2505 Servum
342 2446 448 2525 ipsum
472 2444 538 2506 iure
561 2444 713 2526 persequi
737 2443 867 2521 licebat,
891 2445 917 2504 si
942 2444 1013 2524 quis
1030 2444 1151 2506 iniussu
1177 2445 1222 2505 eri
1247 2443 1369 2524 aliquid

129 2531 317 2612 deliquerat
328 2530 362 2613 ⁷).
388 2532 579 2596 Adversarii
603 2553 704 2612 saepe
728 2532 791 2594 hac
807 2534 936 2595 actione
960 2534 1003 2594 ad
1026 2532 1156 2595 insidias
1173 2551 1230 2595 ero
1255 2552 1368 2613 paran-

131 2622 194 2683 das
210 2621 260 2680 usi
277 2641 348 2682 esse
370 2622 529 2686 videntur.
554 2623 639 2684 Nam
660 2623 687 2683 si
703 2642 815 2685 servus
832 2623 1070 2684 condemnatus
1087 2631 1165 2696 erat,
1191 2641 1264 2684 erus
1281 2621 1369 2682 dam-

132 2729 213 2771 num
238 2707 320 2770 ferre
344 2718 377 2772 et
401 2710 534 2772 multam
558 2711 685 2773 solvere
708 2711 863 2791 debebat,
887 2713 946 2773 nisi
970 2731 1083 2772 servus
1107 2729 1180 2772 eam
1204 2711 1370 2790 epeculio

131 2801 306 2860 restituere
338 2807 477 2879 poterat.
513 2801 626 2882 Itaque
657 2800 767 2861 Tisiae
798 2799 881 2862 filius
913 2801 980 2862 iure
1016 2800 1109 2862 dicit:
1147 2800 1271 2882 ἐρήμην
1303 2825 1370 2882 μου

131 2887 395 2971 κατοόεὸιηιηται
420 2889 463 2950 de
487 2889 615 2950 actione
639 2889 947 2952 adversus'servum
972 2891 1103 2962 intenta,
1130 2909 1203 2950 cum
1225 2888 1370 2951 everbis

132 2973 218 3038 infra
242 2977 358 3056 positis
383 2977 588 3040 manifestum
612 2977 684 3052 fiat,
720 2997 849 3041 servum
880 2979 986 3058 ipsum
1010 2980 1054 3039 ob
1078 2978 1166 3040 idem
1191 2979 1315 3039 crimen
1338 2980 1370 3039 in

132 3069 185 3128 ius
209 3074 363 3128 vocatum
388 3086 473 3144 esse,
499 3068 589 3129 cuius
614 3067 711 3128 etiam
736 3068 888 3129 dominus
912 3075 1082 3130 accusatus
1099 3075 1177 3132 erat.
1201 3066 1236 3129 In
1254 3067 1369 3130 eadem

134 3174 236 3216 causa
260 3154 342 3216 duas
365 3157 510 3217 actiones
526 3156 683 3230 videmuS,
708 3176 773 3217 non
790 3157 978 3218 coniunctas
994 3156 1055 3218 sed
1071 3164 1247 3235 separatas,
1272 3176 1371 3217 unam

133 3242 295 3305 adversus
328 3263 429 3319 erum,
461 3244 595 3306 alteram
627 3245 783 3307 adversus
816 3265 944 3307 servum
974 3246 1019 3307 ad
1050 3263 1211 3326 pagorum
1246 3247 1371 3307 iudices

135 3331 281 3393 delatam
305 3332 348 3393 ab
373 3333 486 3415 eisque
511 3333 637 3395 arbitris
661 3333 822 3402 traditam.

183 3418 249 3482 Sed
280 3421 469 3502 priusquam
501 3421 575 3483 huic
611 3422 709 3501 capiti
739 3422 836 3484 finem
867 3424 1044 3504 imponam,
1076 3432 1180 3486 totam
1213 3424 1254 3485 de
1281 3423 1369 3484 iuris·

136 3510 282 3571 dictione
306 3511 552 3590 peregrinorum
577 3511 804 3592 quaestionem
835 3512 1053 3593 disputatione
1076 3512 1224 3594 longiore
1249 3513 1371 3592 disper·

139 3618 211 3660 sam
235 3597 388 3660 brevibus
412 3600 585 3688 complecti
610 3599 714 3668 liceat.

175 3755 198 3821 ¹)
218 3757 270 3806 Cur
279 3757 381 3822 Lipsius
400 3758 529 3823 (Berichte
549 3767 632 3825 etc.p.
647 3760 691 3824 55)
711 3777 754 3811 eas
772 3760 951 3825 inquilinorum
972 3777 1059 3810 causas
1078 3763 1155 3826 solas,
1181 3778 1247 3826 quae
1267 3763 1300 3810 ad
1319 3778 1371 3812 rem

136 3829 287 3878 familiarem
307 3831 476 3894 pertinebant,
501 3832 548 3880 XL
572 3833 684 3880 virorum
703 3833 761 3881 soro
781 3833 933 3895 attribuerit,
952 3841 1051 3882 ceteras
1072 3834 1209 3899 exceperit,
1229 3849 1279 3882 non
1300 3835 1373 3883 intel·

137 3901 209 4033 legg·
218 3901 404 4026 Ρῖλῗῑῃεῗλλκλιλ
415 3902 586 4037 ἶιᾳαλιιῗηλοὲλολι
598 3920 743 4039 (ελιςλλῖμηοιλαςε
753 3903 832 4038 ‘blictiri
847 3904 1040 4024 ῖζλὲλιὲἴὴεὲλλλ
1053 3977 1202 4040 agebantur,
1219 3973 1265 4025 ἐὰν
1279 3974 1372 4030 δοῦλος

137 4044 234 4095 κακῶς
253 4037 366 4107 ἀγορεύῃ
391 4039 446 4092 τὸν
473 4041 621 4108 ἐλεύθερον.
650 4045 715 4096 Poll.
736 4045 809 4104 VIII,
830 4046 877 4105 88;
893 4045 925 4097 cl.
951 4046 1029 4096 Arist.
1052 4044 1117 4096 Ἀθ.
1135 4045 1192 4096 πολ.
1222 4049 1264 4107 59,
1285 4049 1300 4096 5
1326 4045 1374 4096 καὶ

139 4109 243 4172 δοῦλον,
262 4110 294 4161 ἄν
312 4131 349 4168 τις
367 4110 422 4162 τὸν
440 4111 579 4179 ἐλεύθερον
598 4120 691 4171 κακῶς
709 4113 769 4180 λέγῃ
798 4115 853 4179 (τιν’
875 4133 923 4180 pro
942 4113 984 4166 τὸν
1003 4119 1035 4170 ci.
1054 4119 1191 4177 Richards;
1215 4120 1287 4179 salso,
1313 4128 1374 4167 ute

139 4183 206 4232 Poll.
227 4185 284 4232 loco
303 4183 478 4249 intellegitur).
498 4187 536 4239 Cf.
556 4188 588 4236 D.
610 4195 655 4236 att.
676 4184 764 4237 Ριοε.2
783 4203 808 4250 p.
828 4187 862 4237 80
881 4189 939 4240 adn,
962 4189 1018 4240 105.

178 4250 200 4317 ³)
220 4256 253 4304 D.
273 4263 318 4304 att.
339 4253 462 4320 Proc.1p
491 4257 551 4307 573.

177 4323 200 4386 ⁴)
219 4326 253 4376 D.
268 4335 312 4377 att.
326 4323 417 4380 Proc.2
436 4345 461 4392 p.
477 4328 535 4379 766.

178 4393 200 4459 ὁ)
219 4396 405 4448 Wochenschr.
418 4397 434 4448 l.
449 4399 484 4448 kl.
498 4399 589 4452 Philol.
602 4401 653 4462 111,
672 4416 697 4464 p.
711 4397 816 4466 52ll22.

177 4467 200 4531 ὅ)
219 4469 312 4516 Servus
331 4469 446 4521 accusari
464 4477 576 4534 poterat,
596 4487 646 4518 uon
667 4487 794 4521 accusare.
814 4473 846 4522 D.
861 4478 905 4524 att.
921 4469 1009 4524 Ριοε.“2
1029 4490 1056 4538 p.
1071 4474 1128 4524 749.

180 4535 202 4602 7)
222 4540 254 4588 D.
269 4547 310 4589 att.
324 4537 415 4592 Ρτοο.2
435 4559 462 4606 p.
477 4543 537 4602 766,
556 4542 615 4591 adn.
631 4544 671 4591 57.

1159 4636 1175 4685 3
