3240 5478
747 556 970 620 ..40-

815 733 910 819 sn.

247 891 340 993 Qua
367 899 528 971 ratione
556 895 651 970 lites
680 897 786 994 apud
815 898 993 972 arbitros
1013 904 1129 973 actae
1158 901 1252 974 sint.
1294 897 1356 974 De
1375 923 1477 996 pro·

621 1023 842 1096 vocatione
863 1021 913 1095 ad
931 1022 1100 1096 iudices

290 1195 342 1256 De
365 1195 489 1258 ratione
511 1193 585 1257 lites
608 1195 695 1276 apud
719 1197 857 1258 arbitros
880 1196 999 1276 agendi
1015 1197 1118 1261 Meier
1140 1218 1173 1279 p.
1187 1197 1230 1261 56
1246 1219 1296 1282 sq.
1322 1208 1356 1263 et
1378 1219 1476 1261 accu-

246 1285 406 1346 ratissime
418 1283 547 1346 Hubert
570 1285 615 1366 (p.
633 1284 675 1346 42
690 1282 750 1372 sq.)
764 1286 1019 1365 disputaverunt.
1044 1284 1173 1350 Veritus
1190 1289 1294 1370 igitur,
1314 1309 1356 1352 ne
1369 1296 1475 1351 totam

245 1392 313 1434 rem
340 1375 405 1436 hoe
428 1373 503 1435 loco
527 1382 703 1436 retractare
726 1374 836 1437 inutile
859 1374 910 1450 sit,
935 1374 1012 1437 nihil
1028 1376 1087 1438 nisi
1112 1396 1160 1456 ea,
1186 1396 1271 1458 quae
1287 1396 1331 1439 ex
1343 1376 1476 1440 Aristo-

245 1459 320 1525 telis
344 1481 417 1543 cap.
440 1461 512 1524 LIII
535 1465 552 1542 g
578 1461 596 1524 2
621 1463 787 1526 afferenda
809 1471 894 1540 sunt,
919 1463 1040 1526 addere
1064 1467 1225 1528 constitui.

288 1550 479 1614 Aristotelis
510 1560 618 1614 autern
642 1551 742 1614 verba
764 1560 839 1614 sunt
862 1552 961 1617 haec:
991 1552 1031 1616 Oi
1053 1553 1088 1616 δὲ
1111 1550 1168 1639 (sc.
1194 1552 1356 1641 διαιτηταί)
1373 1577 1473 1636 παρα-

244 1640 404 1722 λαβόντες,
428 1635 484 1703 έάν
507 1641 554 1723 μὴ
586 1640 743 1703 δύνωνται
774 1641 926 1714 διαλῦσαι,
951 1643 1170 1722 γιγνώσκουσι,
1202 1645 1264 1706 κᾶν
1287 1643 1348 1725 μὲν
1365 1645 1474 1726 ἀμφο-

242 1730 347 1810 τέροις
370 1730 491 1810 ἀρέσκῃ
515 1729 552 1792 τὰ
575 1730 760 1810 γνωσδέντα
776 1731 830 1792 καὶ
853 1731 1045 1812 ἐμμένωσιν,
1071 1732 1133 1812 ἔχει
1155 1733 1245 1801 τέλος
1268 1735 1287 1816 ἡ
1313 1732 1397 1816 δίκη.

288 1817 352 1880 Hic
376 1817 550 1880 subsistere
579 1818 685 1886 liceat.
725 1817 848 1881 Adhuc
879 1819 964 1881 enim
988 1819 1228 1901 inexploratum
1253 1829 1340 1900 erat,
1376 1821 1472 1882 etiarn

242 1906 395 1988 publicos
408 1908 554 1976 arbitros,
572 1915 747 1988 antequam
764 1907 952 1988 iudicarent,
969 1907 1132 1989 litigantes
1143 1910 1226 1972 inter
1248 1930 1284 1972 se
1301 1909 1473 1972 conciliare

242 2005 380 2058 conatos
404 1995 518 2082 esse1).
544 1995 745 2060 Conciliandi
768 1997 909 2059 studium
933 1997 1022 2077 apud
1038 1999 1182 2078 privatos
1198 1999 1336 2061 arbitros
1360 2001 1392 2062 in
1415 2019 1473 2061 usu

242 2105 317 2148 esse
335 2086 396 2147 rati
419 2086 570 2149 homines
594 2085 683 2147 docti
706 2085 856 2166 publicos
871 2085 1011 2148 arbitros
1036 2087 1196 2150 iudicibus
1212 2089 1385 2169 propiores
1402 2107 1472 2150 esse

242 2183 437 2238 censuerant
445 2171 479 2261 2).
523 2173 657 2238 Ceteras
680 2173 832 2237 formulas
856 2174 889 2236 in
912 2174 1060 2245 συνόδοις
1070 2173 1092 2262 ³)
1116 2175 1312 2240 arbitrorum
1337 2179 1472 2240 usitatas

241 2263 444 2326 Aristoteles
467 2265 629 2346 praeterit.
662 2263 756 2345 Quae
781 2263 901 2327 deinde
925 2263 1011 2339 dicit,
1037 2264 1079 2326 ad
1103 2267 1375 2346 provocationem
1398 2285 1472 2346 per-

241 2352 437 2417 tInentz'Liv
460 2351 510 2417 δ’ὁ
535 2355 641 2434 ἔτερος
655 2354 720 2434 ἐφῇ
741 2358 807 2415 τῶν
823 2353 991 2416 ἀντιδίκων
1016 2355 1060 2423 εἰς
1081 2353 1117 2416 τδ
1135 2355 1347 2438 δικαστήριον,
1373 2350 1472 2437 ἐμβα-

241 2443 351 2512 λόντες
373 2443 429 2512 τὰς
450 2444 630 2524 μαρτυρίας
652 2443 706 2504 καὶ
729 2441 785 2510 τὰς
808 2442 1000 2524 προκλήσεις
1023 2442 1078 2505 καὶ
1101 2443 1175 2513 τοὺς
1198 2444 1321 2525 νόμους
1344 2444 1388 2512 είς
1411 2444 1471 2524 tp*-

240 2556 327 2605 νους,
363 2532 464 2612 χωρὶς
487 2531 548 2614 μὲν
578 2531 633 2600 τὰς
662 2536 719 2593 τοῦ
744 2531 918 2599 διώκοντος
949 2532 1051 2612 χωρὶς
1074 2531 1109 2594 δὲ
1131 2531 1187 2602 τὰς
1209 2539 1266 2596 τοῦ
1290 2534 1470 2614 φεύγοντος,

241 2621 296 2684 καὶ
319 2623 452 2690 τούτους
476 2621 781 2704 κατασημηνάμενοι
804 2621 858 2683 καὶ
881 2620 937 2702 τὴν
960 2621 1063 2699 κρίσιν
1089 2621 1145 2703 τὴν
1170 2627 1227 2684 τοῦ
1244 2621 1402 2704 διαιτητοῦ
1426 2645 1472 2701 γε·

240 2711 431 2792 γραμμένην
454 2705 488 2772 ἐν
511 2710 718 2793 γραμματείῳ
743 2711 1020 2791 προσαρτήσοντες
1044 2709 1260 2790 παραδιδόασι
1290 2711 1385 2772 πάλιν
1408 2716 1471 2779 τοῖς

239 2801 296 2881 τὴν
337 2799 442 2881 φυλὴν
483 2805 539 2863 τοῦ
578 2800 752 2880 φεύγοντος
790 2797 983 2875 δικάζουσιν,
1046 2798 1098 2860 De
1136 2798 1277 2880 capsuliS
1323 2798 1382 2862 illis
1421 2797 1471 2860 vel

240 2889 358 2967 έχίνοις
381 2896 512 2967 praeter
523 2887 785 2950 Demosthenem
809 2887 1012 2967 grammatici
1035 2907 1095 2948 nos
1112 2886 1234 2948 dudum
1252 2886 1470 2970 docuerant⁴).

217 2977 343 3038 ¹Meier
373 2975 454 3037 salso
487 2978 529 3039 de
562 2997 625 3038 una
656 2997 735 3037 urna
770 2976 983 3056 cogitaverat.
1024 2975 1118 3057 Quae
1142 2976 1271 3038 Hubert
1294 2975 1337 3060 (p.
1368 2976 1426 3056 44!
1440 2973 1470 3060 5)

240 3065 401 3127 adversus
425 3065 510 3128 hanc
542 3066 735 3128 sententiam
766 3065 909 3146 protulit,
934 3085 1019 3126 nunc
1043 3065 1101 3127 Ar.
1130 3064 1149 3128 l.
1175 3085 1202 3126 c.
1228 3064 1468 3128 confirmantur.

240 3155 332 3217 Duas
357 3175 453 3216 urnas
477 3154 573 3216 fuisse
596 3154 774 3234 putandum
809 3162 879 3232 est,
915 3173 998 3233 quae
1033 3153 1184 3216 omnibus
1216 3156 1248 3216 in
1279 3154 1470 3234 litigantium

240 3244 456 3308 conventibus
495 3251 628 3324 praesto
668 3251 776 3317 erant;
824 3243 1016 3304 certantium
1062 3251 1196 3324 uterque
1243 3243 1369 3323 singula
1407 3242 1469 3304 litis

239 3334 439 3397 documenta
463 3333 634 3407 iniciebat,
676 3331 869 3412 simulatque
901 3331 1028 3412 prolata
1062 3340 1095 3394 et
1125 3331 1167 3393 ab
1191 3331 1312 3393 arbitro
1337 3331 1470 3412 cognita

238 3431 325 3506 sunt,
349 3425 395 3484 ita
419 3432 454 3484 ut
477 3432 551 3485 ante
576 3423 756 3484 sententiae
780 3421 1075 3500 pronuntiationem
1097 3422 1215 3496 omnia,
1240 3441 1324 3500 quae
1348 3423 1380 3483 in
1399 3439 1469 3501 pro·

238 3512 414 3574 vocatione
438 3513 479 3572 ad
503 3512 625 3574 iudices
649 3511 719 3572 usui
743 3529 816 3572 esse
839 3517 998 3589 poterant,
1024 3509 1068 3572 ibi
1092 3510 1343 3572 continerentur.
1383 3509 1468 3571 Tum

238 3601 401 3664 sententia
426 3600 595 3663 dicebatur
617 3609 660 3678 et,
684 3599 710 3660 si
735 3599 815 3660 alter
838 3597 1030 3678 litigantium
1056 3618 1091 3662 se
1116 3606 1369 3678 provocaturum
1394 3618 1466 3660 esse

239 3690 481 3770 pronuntiabat,
506 3689 539 3750 id
563 3690 653 3770 quod
676 3687 761 3750 illico
784 3686 970 3750 laciendum
993 3696 1072 3765 erat,
1097 3688 1245 3750 universa
1270 3687 1467 3751 documenta

238 3782 327 3841 urnis
351 3780 383 3840 in
406 3779 535 3841 actione
559 3778 686 3840 usitatis
709 3784 867 3856 exempta
883 3783 916 3837 et
932 3775 1049 3856 denuc,
1075 3797 1116 3838 ne
1134 3777 1212 3857 quid
1230 3776 1373 3850 deesset,
1400 3795 1468 3856 per·

238 3867 372 3929 lustrata
396 3868 489 3930 novis
509 3867 595 3928 urnis
611 3865 846 3929 condebantur.
871 3864 975 3927 Alteri
992 3886 1101 3945 urnae,
1126 3866 1171 3926 rei
1187 3873 1277 3946 putu,
1304 3865 1468 3928 arbitrium

237 3955 352 4018 litteris
377 3957 564 4018 mandatum
588 3955 830 4022 annectebatur,
855 3951 909 4016 Sic
931 3955 1127 4034 obsignatae
1151 3954 1194 4016 ad
1211 3974 1284 4016 eum
1302 3956 1468 4035 magistra-

236 4055 317 4120 tum,
342 4047 396 4126 qui
421 4065 539 4108 causae
563 4047 693 4128 ἡγεμών
717 4052 802 4124 erat,
829 4042 987 4105 redibant.
1013 4042 1046 4105 Si
1069 4052 1184 4106 neuter
1207 4045 1401 4106 certantium
1426 4043 1468 4105 ad

274 4206 296 4271 1)
316 4207 425 4271 Lipsius,
445 4205 564 4256 Bericbte
584 4212 636 4254 etc.
654 4221 681 4268 p.
700 4206 740 4258 59.

273 4275 294 4340 ²)
315 4279 356 4330 Cf.
375 4278 465 4338 Meier,
484 4294 510 4342 p,
531 4277 578 4333 27;
598 4277 699 4326 Hubert
717 4293 742 4340 p.
764 4276 798 4324 42
818 4273 835 4341 ξ
856 4275 880 4327 8.

274 4347 294 4413 ³)
315 4351 394 4398 Dem.
413 4349 456 4408 47,
479 4349 518 4398 14.

272 4419 293 4485 ⁴)
313 4423 387 4470 Dem.
407 4435 444 4471 or.
464 4416 541 4485 39‚§
564 4419 607 4474 lI;
633 4434 669 4466 or.
689 4417 732 4478 54,
750 4414 766 4484 ξ
785 4417 831 4474 27;
857 4414 956 4482 (Dem.)
976 4432 1013 4468 or.
1024 4413 1105 4482 47,§
1128 4417 1171 4472 lo;
1199 4416 1300 4467 Pollux.
1321 4415 1397 4477 VIII,
1420 4415 1467 4465 127

234 4494 321 4558 (locus
340 4488 487 4556 mutilatus),
508 4489 576 4538 Suid.
597 4499 622 4537 et
640 4490 744 4537 PhotIus
762 4504 781 4540 s.
801 4503 824 4539 v.
843 4484 934 4550 έχῖνοι;
963 4488 1042 4552 Harp.
1062 4503 1080 4536 s.
1101 4503 1124 4538 v.
1143 4484 1286 4550 διαιτηταῖς
1309 4486 1348 4540 Cf.
1359 4487 1470 4549 Hubert,

236 4581 264 4630 p.
283 4565 318 4610 44
339 4579 376 4627 sq.
