3240 5478
824 592 1046 654 ,46-

316 771 518 833 mutationes
550 771 646 832 etiam
670 769 729 832 XL
752 771 892 832 virorum
923 770 974 832 bis
998 771 1151 848 meminit,
1182 779 1218 832 ut
1241 771 1374 852 quando
1398 771 1547 851 primum,

324 859 457 940 quando
473 859 588 921 iterum
605 859 739 921 instituti
755 861 828 938 sint,
853 859 1103 939 comperiamus.
1128 859 1200 920 Hos
1217 867 1325 922 autem
1349 860 1441 923 locos
1458 861 1547 922 dico:

369 947 448 1028 Cap.
477 947 525 1023 ld,
550 947 587 1010 l:
613 949 681 1030 ἅμα
705 947 740 1010 δὲ
763 949 945 1030 συνέβαινεν
969 949 1057 1030 αὐτῷ
1081 946 1138 1033 (sc.
1163 946 1397 1034 Πεισιστράτῳ)
1420 951 1476 1012 καὶ
1500 949 1549 1020 τὰς

324 1037 508 1117 προσόδους
531 1038 672 1116 γίνεσθαι
702 1039 833 1119 μείζους
864 1038 1115 1120 έξεργαζομένης
1148 1045 1202 1120 τῆς
1231 1040 1343 1119 χώρας
1359 1059 1368 1102 Ἀ
1382 1039 1548 1119 ἐπράττετο

324 1125 385 1206 γὰρ
409 1125 473 1188 ἀπὸ
496 1131 562 1188 τῶν
578 1127 776 1208 γιγνομένων
792 1126 926 1210 δεκάτην
944 1146 950 1158 ·
968 1125 1017 1189 διδ
1042 1127 1096 1189 καὶ
1118 1125 1193 1197 τοὺς
1215 1127 1296 1189 κατὰ
1320 1127 1447 1210 δήμους
1462 1153 1548 1190 κατε-

325 1217 459 1278 σκεύασε
472 1215 622 1285 δικαστάς
632 1216 686 1278 καὶ
699 1215 795 1284 αὐτὸς
811 1217 894 1296 ἐξῄει
910 1215 1064 1285 πολλάκις
1087 1215 1130 1284 εἷς
1152 1217 1209 1299 τὴν
1231 1217 1344 1297 χώραν
1360 1218 1545 1279 ἐπισκοπῶν
1598 1225 1599 1254 r

311 1305 376 1367 ,καὶ
411 1304 551 1367 διαλύων
581 1304 655 1374 τοὺς
688 1305 954 1387 διαφερομένους,
991 1305 1084 1373 ὅπως
1105 1305 1152 1386 μὴ
1176 1306 1418 1385 καταβαίνοντες
1449 1307 1495 1374 εἰς
1516 1307 1548 1368 τὸ

322 1394 399 1455 άστυ
422 1394 634 1475 παραμελῶσι
656 1399 722 1458 τῶν
746 1395 864 1474 ἀγρῶν.
905 1394 1086 1455 Pisistratus
1118 1393 1216 1475 igitur
1238 1414 1399 1475 pagorum
1423 1395 1548 1458 iudices

321 1481 489 1568 instituit1)
513 1502 553 1544 eo
577 1483 722 1558 consili0‚
747 1491 782 1544 ut
804 1483 916 1545 rustici
936 1502 1033 1563 agros
1050 1481 1159 1562 quiete
1176 1492 1370 1546 exercerent
1386 1491 1420 1544 et
1436 1483 1548 1563 procul

309 1571 363 1632 ab
387 1571 467 1632 urbe
491 1581 669 1652 manerent,
694 1592 767 1633 cum
791 1571 863 1634 lites
888 1591 999 1634 eorum
1023 1571 1165 1651 privatas
1189 1580 1222 1634 et
1244 1572 1314 1652 ipse
1337 1580 1495 1651 tyrannus
1519 1581 1548 1633 et

321 1660 420 1722 XXX
444 1661 500 1722 viri
524 1680 629 1741 pagos
654 1650 869 1740 peragrantes
886 1660 1108 1722 diiudicarent.
1135 1661 1206 1722 Nec
1230 1663 1325 1739 enim,
1351 1669 1386 1722 ut
1408 1679 1547 1741 aequum

309 1757 355 1816 „et
378 1757 503 1811 certum
535 1751 584 1812 ius
609 1757 868 1830 assequerentur,
900 1751 931 1810 in
955 1748 1140 1812 urbem‘ire
1164 1749 1384 1829 cogebantur,
1417 1769 1480 1810 nec
1506 1750 1548 1810 eis

320 1838 363 1899 ad
387 1857 455 1899 rem
486 1837 650 1919 publicam
681 1840 840 1900 accedere
874 1838 906 1898 in
930 1847 1072 1900 mentem
1097 1838 1258 1902 veniebat.
1305 1839 1389 1900 Nam
1414 1837 1547 1918 plebem

320 1927 455 1988 inertem
488 1935 520 1989 et
551 1948 706 1989 novarum
737 1947 843 1990 rerum
879 1927 1032 2007 cupidam
1063 1929 1094 1989 in
1118 1927 1231 1990 urbem
1257 1927 1448 1989 contrahere
1472 1928 1545 1989 Pisi·

320 2023 436 2077 stratus
452 2016 613 2095 tyrannidi
630 2015 849 2096 periculosum
869 2012 1124 2096 pestiferumque
1142 2017 1361 2079 existimabat.
1387 2016 1547 2078 Numerus

320 2105 459 2168 iudicum
483 2105 563 2167 κατὰ
588 2106 712 2187 δήμους
735 2105 799 2166 iam
822 2104 882 2166 illis
906 2105 1111 2186 temporibus
1127 2105 1224 2168 XXX
1247 2101 1314 2184 fuit,
1338 2105 1371 2166 id
1388 2105 1480 2187 quod
1506 2125 1547 2167 ex

320 2193 423 2256 altero
448 2193 632 2255 Aristotelis
656 2194 731 2256 loco
754 2193 960 2274 intellegitur.

306 2343 308 2348 ,
364 2281 444 2362 Cap.
471 2282 521 2351 26,
547 2286 564 2362 ἓ
588 2283 621 2347 3:
647 2285 704 2346 ἔτει
728 2283 763 2345 δὲ
785 2284 928 2365 πέμπτῳ
952 2282 1031 2364 μετὰ
1054 2288 1149 2344 ταῦτα
1174 2283 1225 2344 ἐπὶ
1241 2282 1465 2363 Λυσικράτους
1490 2285 1544 2362 ἄρ-

317 2369 464 2456 χοντοςῖ)
488 2373 518 2435 οἶ
539 2373 707 2454 τριάκοντα
723 2372 865 2435 δικασταὶ
881 2373 1076 2454 κατέστησαν
1092 2372 1186 2433 πάλιν
1203 2373 1234 2434 οἳ
1247 2372 1442 2453 καλούμενοι
1466 2372 1545 2434 κατὰ

320 2461 455 2543 δήμους.
482 2459 515 2522 Si
539 2462 670 2542 triginta
692 2462 749 2522 viri
772 2461 950 2540 Lysicratis
974 2481 1059 2521 anno
1084 2480 1224 2522 rursus
1248 2460 1381 2522 instituti
1405 2469 1491 2534 sunt,
1517 2469 1547 2522 et

318 2552 457 2629 primum
481 2550 613 2630 triginta
635 2549 731 2611 fuisse
755 2558 1008 2611 consentaneum
1032 2557 1091 2612 est.
1133 2548 1274 2629 Quando
1299 2557 1409 2612 autem
1434 2548 1547 2612 aboliti

318 2641 390 2712 sint,
423 2659 621 2720 quamquam
651 2638 848 2700 Aristoteles
876 2639 994 2715 omisit,
1029 2640 1097 2700 sine
1126 2637 1315 2700 difficultate
1344 2657 1547 2718 cognoscere

316 2727 399 2790 licet.
447 2727 544 2791 XXX
578 2728 633 2790 viri
673 2749 692 2789 a
724 2728 890 2789 Pisistrato
922 2736 1061 2806 tyranno
1093 2727 1227 2790 instituti
1268 2747 1342 2789 cum
1375 2729 1547 2805 tyrannide

318 2825 515 2878 evanuerunt
525 2815 557 2903 8),
583 2817 650 2880 Sed
667 2817 839 2896 sexaginta
855 2815 922 2877 fere
938 2818 1029 2878 annis
1045 2825 1133 2896 post,
1151 2837 1225 2878 cum
1242 2835 1403 2897 pagorum
1421 2816 1547 2878 iudices

318 2907 568 2985 restituerentur,
594 2927 659 2968 non
684 2905 788 2966 solum
812 2924 963 2966 numerus
987 2913 1133 2967 servatus
1157 2913 1217 2979 est,
1243 2905 1303 2966 sed
1320 2924 1361 2966 ne
1377 2907 1459 2966 ratio
1478 2906 1547 2986 qui-

319 2995 395 3055 dem
420 2996 561 3057 muneris
585 2993 740 3077 iungendi
765 3001 889 3055 mutata
912 3002 971 3055 est.
1008 2993 1063 3057 Sic
1086 2993 1272 3056 Aristotelis
1296 2994 1399 3056 verba
1423 2995 1547 3074 optime

318 3082 533 3163 explicantur.
559 3084 643 3145 Nam
668 3084 709 3145 ad
733 3081 889 3144 Pisistrati
912 3083 1149 3146 institutionem
1174 3082 1277 3145 solam
1294 3083 1457 3162 pertinere
1482 3103 1547 3145 non

319 3182 466 3254 possunt,
492 3192 575 3254 quae
598 3172 642 3235 ibi
667 3172 822 3254 legimus:
861 3174 894 3234 οἳ
924 3173 1081 3253 πρότερον
1112 3171 1172 3253 μὲν
1195 3172 1275 3254 ἦσαν
1299 3173 1469 3252 τριάκοντα
1495 3172 1546 3234 καὶ

318 3261 398 3324 κατὰ
424 3263 550 3345 δήμους
573 3261 745 3342 περιιόντες
768 3261 925 3337 ἐδίκαζον.
951 3261 1056 3323 Immo
1079 3260 1152 3343 plus
1169 3261 1243 3323 inde
1259 3260 1336 3320 mihi
1352 3259 1547 3321 concluden-

319 3351 397 3412 dum
421 3351 558 3428 videtur,
583 3360 618 3412 ut
641 3352 722 3412 inter
747 3371 782 3411 se
807 3351 981 3430 oppositos
1006 3369 1080 3410 esse
1105 3350 1210 3410 dicam
1226 3348 1322 3410 XXX
1337 3350 1424 3410 viros
1440 3369 1546 3431 pagos

291 3435 293 3441 ’
319 3448 529 3519 peragrantes
565 3450 598 3502 et
631 3439 692 3500 XL
726 3441 830 3512 vir05,
867 3459 1001 3500 numero
1036 3438 1077 3500 ab
1108 3438 1245 3500 Euclide
1269 3445 1378 3515 aucto,
1411 3439 1443 3498 in
1467 3438 1547 3499 urbe

319 3529 521 3605 iudicantes,
561 3530 621 3590 etsi
649 3527 846 3590 Aristoteles
877 3547 1064 3608 supremum
1109 3527 1289 3589 membrum
1329 3527 1548 3606 oppositionis
1600 3535 1601 3542 ’

320 3617 438 3682 omisit.
479 3617 570 3678 Haec
594 3617 732 3700 Lipsii4)
764 3619 924 3679 sententia
948 3625 1008 3695 est,
1042 3617 1094 3698 qui
1127 3616 1168 3677 ab
1193 3615 1337 3678 Euclidis
1361 3634 1447 3676 anno
1472 3635 1546 3678 con-

319 3714 435 3768 ventus
458 3705 598 3768 rusticos
622 3706 736 3768 haberi
760 3707 885 3768 desitos
909 3725 983 3768 esse
1007 3713 1110 3785 putat.
1135 3704 1261 3768 Eadem
1285 3703 1351 3766 fere
1375 3713 1473 3766 antea
1482 3703 1507 3786 ὁ)
1531 3724 1547 3765 e

319 3796 441 3874 Lysiae
464 3815 511 3860 or.
526 3794 567 3856 23
592 3795 664 3858 adv.
683 3794 793 3862 Pankl,
810 3798 827 3874 ξ
846 3795 863 3856 2
880 3794 1092 3870 concluserat,
1116 3814 1202 3856 anno
1218 3814 1283 3856 non
1301 3791 1445 3866 definit0,
1472 3813 1545 3854 cum

322 3883 363 3944 ab
387 3884 575 3946 auctoribus
601 3883 840 3951 destitueretur.

364 3971 457 4034 Haec
482 3973 523 4034 de
547 3973 682 4035 historia
697 3973 757 4034 XL
772 3975 911 4034 virorum
935 3972 1101 4034 afferenda
1124 3980 1231 4047 erant;
1257 3991 1342 4032 nunc
1366 3971 1445 4052 quid
1469 3973 1546 4034 inde

321 4062 362 4122 de
386 4061 577 4124 arbitrorum
600 4062 800 4125 institutione
825 4062 977 4142 colligere
1001 4061 1106 4135 liceat,
1131 4080 1331 4142 quaeramus

356 4239 378 4304 l)
397 4241 491 4288 Iniuria
517 4241 549 4293 R.
569 4239 609 4289 W.
629 4241 722 4288 Maean
746 4237 848 4304 (Journ.
875 4239 906 4287 of
927 4239 997 4289 Hell.
1023 4237 1094 4289 stud.
1114 4239 1174 4291 XII.
1197 4239 1218 4298 l,
1237 4255 1265 4303 p.
1285 4238 1329 4304 38)
1355 4239 1405 4288 hoc
1433 4235 1493 4288 loco
1518 4239 1547 4286 de

319 4312 466 4360 Aristotelis
486 4311 537 4359 fide
557 4311 662 4360 dubitat.
737 4341 740 4346 ·

355 4380 378 4447 2)
397 4399 419 4431 a.
439 4379 520 4447 453s2
540 4398 562 4430 a.
583 4382 644 4430 Chr.
664 4399 688 4436 n.

356 4451 377 4518 ³)
397 4453 435 4506 Cf.
456 4457 564 4516 Keuyon
585 4450 639 4505 εδ.2
657 4471 689 4518 p.
711 4453 768 4504 129.

354 4525 378 4661 ii
397 4525 574 4646 be'iiitbriiec
578 4566 592 4629 ἰ
605 4524 678 4660 iiiia
692 4538 753 4644 lai
756 4525 823 4643 6‘148
