3240 5478
723 592 942 656 ..36-

326 793 372 834 or.
398 770 440 832 47
464 772 537 838 adv.
563 771 683 850 Euerg.
710 780 742 832 et
765 771 870 832 Mnes.
896 769 915 854 ξ
939 771 969 850 5,
999 771 1036 832 12
1063 780 1125 836 etc.

328 881 374 930 or,
400 861 443 922 54
466 860 538 928 adv,
565 859 646 926 Con.
670 858 767 944 (anno
800 859 861 922 341
889 859 940 921 vel
965 859 1066 939 35615
1090 880 1119 922 a.
1143 859 1218 924 Chr.
1239 881 1269 921 n.
1291 861 1401 923 habita
1413 859 1455 946 ¹).

221 967 407 1051 Bldssue:

432 1056 528 1119 Dem.
553 1076 598 1119 or.
626 1055 667 1118 52
692 1055 764 1117 adv.
790 1054 926 1137 Callipp.
952 1053 970 1139 ξ
1018 1056 1047 1118 4.

434 1165 480 1206 or.
506 1145 548 1206 55
576 1145 648 1213 adv,
674 1144 793 1209 Callicl.

434 1254 479 1295 or.
505 1233 548 1296 39
570 1233 643 1297 adv.
669 1232 817 1318 Boeot.²)

220 1338 540 1425 Kaupyoplu‚c³):

433 1429 511 1510 Lys,
537 1449 582 1492 or.
613 1429 652 1492 10
675 1431 747 1498 adv.
773 1430 986 1496 Theomnest.

433 1519 530 1587 Dem.
556 1539 602 1586 or.
629 1518 665 1579 21
693 1519 767 1584 adv.
790 1520 869 1583 Mid.
894 1517 913 1603 ᾗ
937 1520 989 1581 81.

220 1626 403 1707 Χρέουςῑ
429 1626 528 1690 Dem.
554 1647 601 1688 or.
627 1625 671 1688 49
694 1625 766 1694 adv.
791 1625 937 1690 Timoth.

432 1715 509 1793 Lys.
533 1714 590 1795 lrg.
621 1714 660 1777 lO
682 1714 756 1780 adv.
780 1715 979 1778 Archebiad.

434 1803 529 1872 Dem,
555 1823 600 1866 or.
627 1803 670 1866 40
692 1803 766 1872 adv.
792 1806 908 1872 Boeot
933 1801 968 1886 (i)
1002 1817 1044 1888 ‘4

433 1892 529 1958 Dem.
554 1912 599 1955 or.
625 1892 664 1953 41
703 1892 775 1956 adv.
808 1891 908 1973 Spud.
934 1891 968 1976 (l)
1002 1893 1009 1966 l
1047 1849 1059 1932 4

214 1984 442 2065 Ἄφορμῆςε

432 2087 529 2150 Dem.
555 2108 600 2154 or.
626 2089 668 2155 36
692 2107 752 2168 pro
776 2087 905 2152 Phorm.
931 2085 961 2172 (ξ
990 2087 1037 2165 18,
1065 2087 1128 2172 33).

433 2177 529 2243 Dem,
547 2196 594 2238 or.
611 2176 653 2242 45
671 2185 703 2238 et
720 2176 763 2238 46
779 2176 852 2244 adv.
871 2175 984 2258 Steph,
1006 2177 1064 2257 (or.
1083 2177 1126 2238 45
1144 2175 1163 2260 ξ
1183 2176 1231 2250 10,
1253 2177 1290 2237 17
1308 2174 1382 2261 etc.)

265 2291 420 2356 Consulto
437 2293 638 2373 εἰσαγωγέων
651 2293 795 2354 actiones
812 2292 920 2354 adhuc
936 2293 1098 2372 praeterii.
1118 2293 1153 2354 ln
1170 2293 1233 2355 hac
1250 2293 1335 2354 enirn
1353 2312 1451 2375 quae·

219 2385 323 2446 stione
348 2381 533 2461 complures
557 2379 762 2442 difficultates
798 2382 998 2443 accuratiore
1023 2382 1241 2462 disputatione
1265 2381 1455 2462 indigentes

220 2472 439 2534 removendae
464 2477 548 2530 sunt.

264 2585 486 2667 Eionymyelc⁵l
519 2584 691 2665 collegium
728 2595 819 2648 erant
851 2587 994 2668 quinque
1018 2585 1168 2661 virorum,
1195 2587 1249 2668 qui
1275 2588 1366 2654 δίκας
1389 2587 1446 2667 ἐμ·

219 2680 342 2760 μήνους
365 2676 447 2737 intra
471 2675 612 2737 eundern
636 2695 790 2749 mensem,
816 2696 881 2756 quo
898 2675 1025 2737 delatae
1043 2685 1142 2754 erant,
1167 2677 1208 2738 ad
1225 2676 1347 2738 iudices
1370 2673 1446 2736 fere·

219 2766 307 2827 bant.
333 2765 443 2826 Antea
467 2784 572 2844 paene
596 2763 697 2843 ignoti
721 2773 832 2839 crant;
858 2784 932 2826 nam
957 2783 1041 2845 quae
1064 2764 1180 2827 Pollux
1205 2765 1288 2844 Vlll,
1318 2765 1374 2826 101
1404 2763 1446 2824 de

220 2856 266 2916 eis
296 2853 444 2927 tradidit,
486 2853 576 2932 apud
607 2851 724 2914 multos
755 2852 854 2914 fidem
879 2873 943 2914 non
967 2855 1170 2928 invenerant,
1204 2855 1282 2932 dum
1306 2853 1446 2916 Pollucis

219 2943 388 3005 adnotatio
405 2942 612 3021 inscriptione
624 2938 671 3025 (C.
692 2941 715 3007 Ι.
738 2941 781 3005 Α.
802 2943 826 3018 Ι,
852 2941 905 3023 37)
922 2942 1121 3004 confirmata
1138 2951 1196 3022 est,
1215 2962 1299 3025 quae
1326 2961 1446 3003 nomen

175 3045 179 3052 '
220 3034 420 3112 εἰσαγωγέων
445 3030 591 3093 exhibet.
624 3031 720 3091 Nunc
745 3031 932 3092 Aristotelis
957 3051 1030 3111 cap.
1047 3032 1112 3108 LII,
1140 3032 1158 3092 2
1183 3040 1253 3094 tota
1278 3032 1319 3093 de
1345 3032 1447 3098 δίκαις

220 3124 377 3203 ἐμμήνοις
408 3120 555 3200 quaestio
580 3119 762 3183 illustratur.
804 3119 908 3181 Nobis
945 3128 1054 3183 autern
1079 3141 1144 3182 non
1177 3122 1218 3183 de
1242 3122 1446 3200 εἰσαγωγεῦαι

220 3211 395 3272 dicendum
419 3217 480 3283 est,
513 3208 571 3270 sed
595 3209 659 3270 hoc
683 3208 915 3290 quaerendum,
940 3229 1016 3271 num
1040 3211 1123 3272 inter
1157 3229 1215 3272 eos
1250 3217 1283 3272 et
1306 3209 1445 3272 arbitros
1511 3267 1514 3276 ,

219 3299 282 3360 ulla
306 3300 388 3360 ratio
404 3299 630 3365 intercesserit.
655 3296 819 3383 Lipsius⁶)‚
844 3299 891 3358 vir
907 3299 1123 3374 doctissimus,
1147 3299 1213 3361 hoc
1229 3299 1361 3380 quidem
1379 3297 1454 3358 iure·

220 3388 351 3469 negavit
362 3385 394 3471 7),
420 3407 494 3448 cum
518 3387 640 3448 diceret
664 3387 707 3449 ob
732 3387 886 3467 exiguum
910 3390 1066 3468 temporis
1091 3390 1232 3468 spatium
1249 3387 1299 3450 his
1315 3386 1446 3450 actioni-

219 3478 281 3539 bus
314 3477 423 3540 datum
455 3476 591 3537 arbitros
616 3497 682 3538 non
706 3476 874 3538 adhibitos
885 3473 909 3561 8)
940 3497 1022 3541 esse.
1070 3476 1127 3539 Cui
1152 3476 1284 3540 obstare
1307 3477 1445 3550 videtur,

220 3567 311 3648 quod
335 3566 380 3626 eis
403 3566 436 3626 in
459 3565 651 3643 actionibus
676 3585 761 3646 quae
788 3566 877 3645 apud
893 3565 1105 3628 Aristotelem
1129 3567 1333 3647 είσαγωγεῦσι
1348 3564 1446 3627 tribu-

219 3666 325 3729 untur,
350 3654 433 3715 duae
457 3652 660 3728 exhibentur,
686 3674 767 3735 quas
784 3654 911 3716 arbitris
925 3655 1059 3716 traditas
1083 3675 1155 3718 esse
1180 3653 1448 3716 eDemosthenis

257 3866 279 3930 1)
298 3869 483 3929 Westermann,
502 3869 637 3918 Demosth.
657 3884 726 3932 ausg.
748 3869 813 3922 Red.
830 3869 878 3918 111.
890 3870 916 3933 Β,
936 3887 960 3935 p.
979 3870 1035 3921 112.

256 3937 279 4001 2)
298 3939 336 3988 Cs.
352 3939 440 4000 Meier,
458 3954 483 4002 p.
497 3939 531 3988 20
549 3941 608 3990 adn.
622 3941 648 3992 9,

257 4008 277 4074 l)
295 4011 334 4060 Cf.
349 4012 380 4062 D.
395 4018 439 4058 att.
453 4007 544 4061 Ρτοο.2
562 4026 587 4074 p.
602 4010 644 4072 80,
664 4011 721 4059 adn.
740 4010 805 4070 1053
824 4027 849 4074 p.
864 4012 923 4061 628.
962 4011 1034 4060 Servi
1054 4012 1126 4061 huius
1154 4011 1266 4062 criminis
1285 4010 1323 4060 rei
1341 4025 1356 4059 a
1374 4010 1445 4060 thes·

220 4082 599 4218 malhedlesrtleuddirbbiddindffi
620 4153 651 4202 cl.
664 4153 708 4201 Ar.
722 4168 778 4217 cap.
799 4154 841 4215 52,
863 4151 881 4219 ξ
901 4154 915 4203 2
935 4162 960 4202 et
971 4153 1088 4218 Lipsius,
1106 4153 1223 4204 Berichte
1241 4169 1268 4219 p.
1288 4151 1320 4202 57
1340 4153 1401 4203 adn.
1421 4149 1446 4203 1.

256 4222 277 4282 ⁵}
297 4225 337 4276 Cr.
351 4226 382 4273 D.
397 4231 441 4272 att.
459 4220 547 4272 Proc.²
565 4240 592 4288 p.
606 4224 648 4274 94.

255 4293 276 4360 1)
295 4295 415 4344 Berichte
434 4302 483 4344 etc.
503 4311 527 4358 p.
543 4295 584 4344 58.

255 4364 275 4426 ἲ)
295 4366 414 4416 Similiter
433 4366 519 4414 Busolt
539 4382 566 4429 p.
580 4365 645 4424 2703
664 4367 789 4416 Thumser
808 4381 834 4430 p.
852 4367 911 4416 592.

256 4434 277 4501 8)
297 4438 390 4486 Verbis
409 4445 494 4485 nutem
512 4433 555 4491 τὰς
584 4434 662 4491 ἄλλας
681 4435 765 4498 δίκας,
785 4453 842 4502 cap.
863 4439 906 4501 53,
928 4440 938 4488 l
961 4455 1014 4488 non
1035 4445 1134 4488 tantum
1154 4438 1300 4499 attribuam,
1325 4445 1450 4501 quantum

220 4509 327 4572 Lipsius,
347 4509 440 4574 quippe
471 4524 527 4555 cum
556 4524 607 4557 nou
636 4509 668 4557 ad
696 4509 804 4557 arbitros
832 4511 877 4558 sed
905 4511 937 4558 ad
971 4511 1019 4559 XL
1031 4511 1099 4560 viros
1119 4510 1253 4559 relerenda
1273 4509 1323 4558 sint
1342 4516 1367 4557 et
1381 4507 1443 4555 mul·

219 4587 261 4628 tae
281 4582 347 4628 aliae
360 4595 452 4630 causae
471 4593 521 4628 non
541 4581 571 4627 ad
585 4580 632 4627 XL
644 4581 712 4628 viros
730 4582 774 4628 sed
795 4581 829 4628 ad
845 4582 869 4629 X
883 4582 1020 4630 archontes
1034 4581 1187 4631 deserendae
1198 4589 1289 4646 postea
1298 4589 1451 4644 sequantur.
