3240 5478
665 594 887 658 ..37-

160 773 368 836 orationibus
392 772 618 852 concluderes
642 775 779 855 ιιροικός
803 774 877 837 dico
901 782 935 836 et
958 775 1071 842 αἰκίας.
1108 772 1202 854 Quae
1228 771 1401 836 difficultas

160 864 272 942 magis
296 862 447 944 speciosa
470 882 569 943 quam
593 863 700 944 gravis
725 872 785 930 est.

208 951 293 1015 Nam
326 951 415 1033 quod
446 950 574 1031 Lipsius
606 950 648 1014 de
679 953 826 1014 oratione
858 951 956 1015 Dem.
982 951 1021 1013 41
1057 950 1238 1031 confirmat,
1272 971 1345 1012 eam
1369 951 1401 1012 in

157 1059 265 1105 eausa
287 1041 423 1122 προικός
456 1059 522 1101 non
556 1039 702 1103 habitam
736 1060 808 1102 esse
819 1037 861 1126 1),
897 1040 983 1102 idem
1009 1040 1050 1102 de
1076 1041 1222 1102 oratione
1246 1039 1290 1102 4O
1313 1039 1400 1121 (adv.

161 1128 340 1214 Boeotum)
363 1129 537 1192 dicendum
570 1136 631 1194 est.
678 1129 819 1192 Interest
851 1128 938 1190 enim
970 1128 1092 1212 aliquid
1124 1129 1207 1192 inter
1237 1130 1400 1192 actionem

157 1220 310 1300 προικός,
327 1217 457 1301 qualem
473 1217 612 1282 Aristot.
638 1218 722 1301 (cap.
740 1218 792 1299 52,
813 1216 844 1303 2)
859 1217 1036 1299 significat:
1063 1219 1120 1280 ἐάν
1135 1242 1179 1288 τις
1195 1219 1228 1300 (i.
1242 1239 1270 1288 e.
1288 1220 1401 1300 κύριος

161 1307 326 1393 γυναικὸς)
350 1307 491 1389 ὀφείλων
513 1305 569 1391 (sc.
594 1311 642 1389 τῷ
658 1304 861 1392 γεγαμηκότι)
884 1308 931 1389 μὴ
949 1307 1067 1388 ἀποδῷ
1091 1307 1151 1390 (sc.
1167 1308 1224 1390 τὴν
1240 1308 1400 1392 ὁμολογη-

159 1399 277 1461 θεῖσαν
300 1395 432 1482 προῖκα)
455 1404 489 1458 et
512 1396 675 1460 actionem
692 1397 775 1478 ὑπὲρ
791 1396 842 1460 νε1
859 1397 931 1478 περὶ
955 1397 1093 1478 προικός
1108 1395 1210 1479 (velut
1232 1397 1399 1480 μητρῴας,

164 1506 213 1551 or.
238 1484 293 1572 40)
316 1486 418 1549 multo
442 1493 520 1566 post
543 1487 783 1549 matrimonium
806 1485 920 1548 initum
937 1485 1094 1548 adversus
1111 1504 1171 1548 eos
1188 1485 1320 1564 intenta,
1346 1487 1400 1567 qui

158 1585 292 1656 partem
316 1575 403 1638 dotis
427 1582 522 1636 antea
544 1595 610 1637 non
633 1573 773 1638 solutam
797 1573 978 1638 hereditate
995 1582 1192 1655 acceperunt
1212 1584 1245 1637 et
1260 1574 1400 1636 reddere

164 1673 327 1730 recusant.
367 1664 419 1726 De
443 1665 573 1726 actione
605 1665 710 1733 αἰκίας
739 1663 1003 1744 supradiximus
1035 1661 1078 1750 (p.
1097 1661 1161 1748 35).
1195 1663 1401 1726 Testimonia

167 1754 404 1817 Demosthenis
428 1761 461 1814 et
484 1751 673 1815 Aristotelis
697 1753 780 1816 inter
803 1773 839 1815 se
864 1754 1024 1816 contraria
1047 1753 1148 1834 Lipsii
1173 1751 1399 1832 interpretatio

160 1843 344 1924 coniungit.
384 1842 475 1904 Idem
506 1860 731 1925 assequemur,
764 1843 791 1904 si
823 1841 918 1904 aliam
950 1841 1180 1924 simpliciorem
1212 1840 1399 1921 explicandi

163 1932 325 1994 rationem
349 1929 603 1993 adhibuerimus
628 1931 782 1994 Fortasse
806 1930 912 1994 forum
944 1931 1021 1993 huic
1043 1932 1161 1994 actioni
1185 1930 1399 1994 constitutum

160 2041 232 2084 non
255 2029 415 2083 mutatum
432 2028 493 2094 est,
517 2020 578 2084 sed
594 2021 621 2082 si
645 2021 716 2102 quis
738 2021 830 2104 δίκην
850 2021 954 2089 αἰκίας
977 2019 1069 2082 alicui
1085 2019 1288 2094 intendebat,
1315 2019 1398 2082 duae

160 2110 237 2172 viae
261 2129 300 2172 ac
316 2110 405 2173 litem
428 2109 652 2190 peragendam
675 2110 843 2191 patebant,
868 2111 1013 2192 ἔμμηνος
1036 2109 1108 2192 δίκη
1133 2109 1176 2172 ad
1208 2109 1400 2189 εἰσαγωγὲας

161 2199 275 2262 delata
314 2208 348 2262 et
378 2199 450 2282 δίκη
487 2198 629 2278 simplex
659 2197 721 2261 XL
751 2199 827 2260 viris
856 2198 962 2267 aditis.
1016 2197 1109 2261 Haec
1141 2197 1287 2260 certandi
1317 2198 1398 2259 ratio

162 2289 308 2351 minores
338 2297 487 2369 sumptus
511 2288 690 2368 poscebat,
727 2287 780 2350 illa
802 2287 932 2350 brevior
955 2295 988 2349 et
1012 2289 1130 2349 certior
1152 2285 1259 2371 erat2).
1298 2285 1398 2348 Actio

160 2377 240 2439 adv.
266 2377 436 2441 Cononem
459 2375 567 2461 (Dem.
592 2398 638 2447 or.
664 2373 718 2461 54)
756 2385 844 2440 certe
868 2397 934 2438 non
958 2377 1105 2460 ἔμμηνος
1127 2375 1198 2455 fuit,
1230 2396 1303 2437 cum
1327 2383 1398 2436 toto

161 2465 233 2548 iere
263 2487 349 2530 anno
373 2475 451 2548 post
481 2467 626 2530 iniuriam
650 2465 770 2527 illatam
795 2465 838 2527 ad
862 2466 988 2528 iudices
1011 2467 1137 2528 veniret
1152 2463 1185 2550 3).

211 2554 320 2618 Unum
344 2556 439 2636 igitur
462 2555 667 2618 manifestum
692 2563 752 2633 est,
777 2555 868 2624 δίκας
900 2556 1069 2636 ἐμμήνους
1091 2555 1133 2615 ad
1157 2554 1295 2616 arbitros
1319 2573 1398 2615 nun-

161 2663 263 2725 quam
282 2641 534 2729 descendisset).
550 2681 590 2691 -
602 2644 693 2706 Idem
711 2643 753 2706 de
769 2643 875 2706 causis
900 2644 1089 2706 ἀποδεκτῶν
1099 2641 1122 2730 ὁ)
1146 2644 1229 2705 intra
1252 2661 1398 2704 mensem

163 2733 385 2796 diiudicandis
417 2733 591 2796 dicendum
617 2741 677 2795 est.
726 2733 833 2796 Etiam
865 2733 1041 2816 ἐμπορικαὶ
1073 2733 1158 2795 δίκαι
1181 2731 1397 2813 excipiendae

166 2831 254 2900 sunt,
286 2825 362 2906 quia
388 2823 434 2885 eis
457 2825 489 2885 in
513 2823 619 2886 causis
642 2821 747 2885 forum
770 2822 813 2884 ad
836 2842 993 2902 personas
1017 2842 1053 2885 se
1078 2842 1142 2883 non
1167 2820 1355 2904 applicabat
1364 2819 1397 2905 6).

163 2911 259 2993 (Hoc
284 2910 398 2998 [Dem]
423 2932 469 2978 or.
487 2911 531 2974 34
553 2909 572 2995 ᾗ
593 2912 631 2974 18
656 2908 909 2997 comprobatur).
950 2912 1041 2973 Δίκαι
1056 2912 1241 2994 μεταλλικαί
1258 2919 1291 2971 et
1314 2910 1398 2975 δίκαι

201 3179 223 3246 1)
242 3181 358 3230 Berichte
378 3189 427 3232 etc.
446 3195 472 3244 p.
494 3180 526 3228 57
546 3179 605 3230 adn.
628 3183 649 3231 1.

115 3279 121 3298 ι
200 3249 222 3318 1)
241 3252 281 3306 Cf.
300 3254 375 3303 Dem.
395 3266 433 3300 or.
459 3251 491 3300 22
520 3249 588 3316 (adv.
612 3248 734 3316 Andron)
761 3247 777 3317 ξ
805 3247 879 3316 27)8,
902 3253 946 3301 ubi
965 3257 1130 3315 quattuor
1149 3251 1262 3298 actiones
1295 3247 1399 3314 κλοπῆς

161 3332 352 3373 enumerantur.

201 3391 223 3458 ³)
243 3395 277 3446 D.
296 3401 342 3446 att.
361 3389 484 3442 Process2
503 3409 527 3455 p.
548 3393 608 3443 049.

200 3464 222 3531 ⁴)
242 3465 376 3515 Contraria
394 3469 473 3513 docet
492 3464 644 3512 Goodellius
663 3464 688 3513 in
707 3466 765 3514 Am.
784 3465 872 3527 Journ.
894 3464 925 3514 ol
940 3463 1031 3514 Philol.
1053 3481 1079 3527 p.
1091 3464 1142 3513 323
1161 3480 1217 3528 sqq.
1237 3463 1289 3512 Sed
1308 3464 1328 3512 si
1347 3464 1398 3512 suis

162 3537 273 3601 quisque
287 3536 438 3586 coniecturis
451 3536 508 3600 plus
522 3534 668 3583 confideret
682 3551 757 3600 quam
770 3543 891 3585 securata
900 3542 1034 3584 auctorum
1047 3543 1162 3584 veterum
1175 3535 1399 3600 interpretatione,

166 3625 219 3672 quo
239 3608 448 3673 perveniremus?
467 3605 628 3670 Εἰσαγωγεῖς
645 3622 698 3654 non
715 3623 730 3654 a
742 3607 901 3669 litigantibus
915 3607 975 3671 ipsis
988 3608 1034 3654 sed
1052 3622 1100 3669 per
1118 3614 1220 3655 ceteros
1239 3608 1397 3670 magistratus

162 3678 242 3734 δίκας
260 3676 391 3744 ἐμμήνους
410 3678 541 3742 accepisse
561 3678 686 3726 dicuntur.
716 3679 752 3726 At
771 3679 862 3727 desunt
881 3678 1026 3726 testimonia
1045 3676 1215 3742 antiquitatis!
1242 3678 1395 3727 Aristoteles

164 3767 226 3800 vero
246 3761 333 3814 aperte
353 3750 413 3799 dicit
431 3746 498 3814 (cap.
510 3749 554 3811 52,
567 3746 595 3813 3)
614 3745 685 3798 οὗτοι
703 3745 757 3813 μὴν
770 3745 817 3797 οὖν
835 3746 928 3804 ταύτας
947 3745 1156 3807 δικάζουσιν
1175 3745 1306 3813 ἐμμήνους
1326 3747 1396 3798 εἰσά-

161 3840 251 3887 γοντες
270 3838 318 3871 nec
337 3822 411 3870 aliter
430 3822 463 3869 de
483 3821 519 3870 eis
537 3820 649 3885 loquitur
668 3836 698 3869 ac
717 3822 750 3869 de
769 3820 858 3869 ceteris
878 3819 1073 3883 magistratibus,
1093 3822 1133 3884 qui
1151 3819 1212 3868 iuris
1232 3821 1332 3870 dicendi
1351 3822 1394 3868 ha·

164 3894 262 3942 bebant
280 3900 446 3959 potestatem.
486 3890 646 3956 Εἰοαγωγείς
665 3892 763 3940 arbitris
782 3907 871 3942 causas
890 3891 1050 3941 mandavisse
1070 3892 1201 3948 dicuntur;
1231 3891 1348 3941 nimirum
1368 3901 1395 3941 ut

160 3963 273 4014 celerius
290 3965 474 4015 iudicarentur!
495 3963 620 4028 Equidem
638 3971 702 4027 puto
722 3961 808 4018 δίκαις
826 3959 950 4027 ἐμμήνοις
969 3963 1114 4012 breviorem
1128 3978 1180 4012 non
1201 3963 1343 4026 longiorem
1364 3966 1397 4012 ad

165 4035 263 4086 iudices
282 4037 346 4084 viam
367 4036 452 4087 fuisse.
471 4033 559 4099 Itaque
579 4036 668 4099 Lipsio
688 4035 803 4083 assentiri
823 4052 872 4082 non
892 4034 988 4082 dubito.

202 4105 223 4170 5)
243 4107 281 4155 Cs.
303 4109 348 4157 Ar.
364 4103 429 4155 Ἀθ.
448 4103 505 4155 πολ.
525 4122 580 4171 cap.
601 4106 645 4166 52,
663 4106 687 4159 3.

200 4179 222 4243 1)
243 4178 282 4228 Cl.
302 4179 336 4230 D.
356 4185 400 4230 att.
420 4174 504 4228 Ρτοε.1
522 4194 548 4241 p.
572 4178 621 4240 68,
644 4177 718 4226 1011.
739 4177 840 4224 Hubert
868 4193 892 4240 p.
914 4177 955 4226 38.
975 4176 1108 4238 Goodell,
1126 4177 1142 4227 l.
1162 4193 1184 4226 c.
1197 4193 1222 4241 p.
1237 4177 1287 4226 323
1301 4179 1397 4225 Aristo·

162 4249 241 4299 telem
265 4251 291 4300 in
311 4249 413 4315 cap.52
433 4246 477 4315 §2
498 4247 574 4303 δίκας
592 4245 737 4312 ε’μκορικάς
765 4249 830 4296 salso
850 4248 963 4297 omisisse
984 4256 1063 4313 putat,
1100 4263 1157 4296 cum
1176 4248 1397 4310 grammaticorum

165 4321 278 4371 Pollucis
297 4328 323 4370 et
343 4322 424 4385 Harp.
444 4320 506 4369 locis
518 4335 561 4368 eas
575 4317 706 4384 ἐμμήνους
723 4321 799 4369 fnisse
818 4319 992 4382 intellegatnr;
1018 4321 1205 4368 thesmothetas
1221 4335 1264 4369 eas
1281 4320 1397 4369 actiones

163 4393 294 4458 accepisse
307 4391 361 4458 (Ar.
373 4407 429 4456 cap.
441 4388 500 4458 595
514 4389 540 4456 5)
560 4399 586 4441 et
605 4389 773 4456 εἰσαγωγεῦοι
793 4391 936 4441 tradidisse.
960 4389 1010 4439 Sed
1020 4391 1045 4439 in
1065 4392 1109 4439 Ar.
1122 4407 1177 4456 cap.
1189 4391 1222 4441 52
1242 4389 1282 4458 §2
1304 4389 1327 4441 δ.
1338 4387 1397 4454 ἐμπ.

166 4479 288 4513 noncasu
302 4465 411 4512 omissae
431 4478 487 4511 esse
508 4463 637 4525 videntur,
667 4463 712 4511 sed
731 4464 789 4527 quia
813 4463 845 4510 ad
869 4463 1100 4511 thesmothetarum
1120 4462 1203 4512 forum
1221 4463 1396 4528 pertinebant,

163 4534 209 4598 qui
228 4551 272 4584 eas
292 4535 382 4584 eodem
402 4550 490 4584 mense
509 4535 541 4582 ad
560 4535 656 4584 indices
682 4534 803 4582 serebant.
824 4534 863 4584 Cf.
877 4550 915 4595 ea,
936 4549 1000 4598 quae
1020 4537 1062 4583 Ar.
1082 4550 1139 4597 cap.
1161 4533 1193 4583 52
1213 4530 1229 4601 ξ
1249 4534 1263 4583 3
1284 4535 1315 4582 de
1334 4530 1398 4583 ciao-

163 4604 269 4655 δεκιῶν
288 4606 433 4655 actionibus
452 4605 520 4656 dicit.
