3240 5478
783 491 978 552 ..8-

257 691 336 734 vero
359 673 581 734 testimonium
605 670 766 732 hlidianae
789 669 945 732 insertum
967 666 1030 730 alio
1057 667 1132 731 loco
1156 667 1302 731 eiusdem
1327 667 1488 730 orationis

258 759 424 826 refutatur.
448 761 533 824 Nam
546 757 565 846 ξ
578 758 621 823 83
644 759 726 821 haec
738 758 902 839 leguntur:
926 764 981 840 τῆς
1000 756 1060 839 γὰρ
1080 757 1179 840 δίκης,
1201 758 1314 840 ταύτης
1334 756 1425 837 λέγω,
1444 754 1488 837 ἧς

257 850 343 914 εἷλον
365 849 470 923 αὐτὸν,
495 848 626 930 γίγνεταί
649 871 708 930 μοι
730 847 888 930 διαιτητὴς
903 845 1056 928 Στράτων
1079 845 1253 930 Φαληρεύς,
1278 844 1334 924 ubi
1350 845 1487 926 γίγνεται

257 939 301 1019 ad
326 937 481 1001 arbitrum
504 957 570 1000 non
594 936 733 999 electum
756 935 815 1001 sed
835 943 923 998 sorte
946 943 1090 998 creatum
1107 935 1265 1016 quadrare
1288 934 1425 1015 videtur,
1447 935 1485 996 id

257 1028 351 1110 quod
375 1027 438 1089 iam
462 1026 590 1089 Hubert
612 1022 656 1110 (p.
682 1022 736 1112 42)
760 1033 792 1089 et
816 1025 947 1106 Lipsius
957 1022 980 1110 1)
1003 1023 1309 1090 animadverterunt.

303 1115 371 1181 Sed
394 1136 467 1178 cum
492 1115 533 1177 de
557 1114 690 1196 privatis
713 1114 840 1176 arbitris
863 1134 907 1178 ex
930 1112 1118 1178 Aristotelis
1143 1113 1185 1176 de
1209 1132 1277 1195 rep.
1294 1112 1375 1178 Ath.
1398 1111 1486 1176 libro

258 1205 335 1268 nihil
366 1204 616 1285 comperiamus,
641 1222 726 1285 quae
749 1211 859 1267 autem
882 1211 979 1266 antea
1001 1210 1079 1265 nota
1102 1210 1203 1282 erant,
1227 1201 1483 1277 Hudtwalckeri,

256 1294 380 1372 Meieri‚
393 1293 532 1356 Huberti
549 1291 822 1374 disputationibus
836 1291 914 1354 satis
930 1292 1092 1372 explicata
1108 1290 1181 1371 sint,
1205 1289 1268 1353 hos
1285 1293 1483 1354 omittamus.

256 1383 309 1447 De
334 1382 471 1465 publicis
495 1383 624 1445 arbitris
649 1381 726 1444 solis
750 1381 846 1444 nobis
861 1381 1033 1443 dicendum
1057 1379 1126 1447 erit.

825 1649 850 1748 'q
878 1665 904 1734 1.

618 1861 680 1936 De
712 1863 961 1938 arbitrorum
990 1869 1133 1938 aetate.

300 2052 408 2117 Unam
429 2057 656 2139 quaestionem
681 2057 723 2120 de
747 2073 920 2118 numero
943 2055 1135 2118 arbitrorum
1153 2076 1277 2136 omnes,
1304 2058 1359 2138 qui
1377 2058 1419 2121 de
1434 2060 1480 2122 eis

253 2141 355 2204 verba
389 2143 552 2226 fecerunt,
587 2140 808 2208 difficillimam
845 2145 1025 2219 duxerunt,
1060 2163 1165 2227 neque
1196 2145 1368 2229 quisquam
1403 2148 1480 2210 certi

255 2229 437 2313 quidquam
462 2233 679 2315 comprobare
702 2233 819 2315 potuit,
856 2233 1003 2314 quamvis
1038 2235 1216 2296 sententiae
1252 2255 1354 2316 saepe
1377 2245 1481 2298 muta-

254 2327 375 2388 rentur.
432 2324 610 2386 Numerum
645 2331 753 2386 autern
793 2343 867 2385 cum
905 2331 1051 2386 aetate
1089 2323 1283 2387 arbitrorum
1322 2325 1480 2388 artissime

254 2407 452 2494 cohaerere,
487 2411 683 2474 Aristoteles
718 2411 849 2474 demum
884 2431 945 2474 nos
980 2411 1100 2476 docuit.
1146 2412 1261 2494 Itaque
1297 2413 1339 2478 de
1374 2423 1481 2478 aetate

253 2498 450 2565 arbitrorum
474 2522 580 2583 pauca
600 2502 813 2581 ¹praemittere
837 2501 942 2571 liceat,

300 2587 422 2652 Adhuc
453 2594 486 2654 in
517 2610 558 2651 eo
592 2590 649 2651 viri
684 2591 773 2652 docti
809 2589 1076 2668 consentiebant,
1111 2611 1226 2654 omnes
1260 2593 1349 2656 cives
1385 2595 1481 2674 culpa

253 2674 376 2741 liberos
386 2677 410 2764 2)
434 2679 645 2760 sexagesimo
669 2681 784 2741 aetatis
807 2700 893 2742 anno
917 2679 1079 2755 confecto,
1109 2681 1137 2743 si
1161 2682 1249 2761 apud
1273 2683 1479 2763 magistratus

252 2784 290 2827 se
313 2766 378 2829 hoc
402 2787 534 2831 munere
557 2767 648 2848 fungi
674 2767 755 2830 velle
778 2768 918 2849 professi
941 2777 1042 2844 erant,
1066 2769 1207 2832 arbitros
1230 2769 1298 2832 fieri
1321 2773 1478 2852 potuisse,

253 2856 463 2934 magistratus
477 2857 637 2920 sortitioni
653 2856 838 2937 praefuisse,
863 2877 926 2938 qua
943 2866 1050 2921 certus
1066 2858 1200 2938 singulis
1216 2861 1306 2922 annis
1328 2879 1479 2923 numerus

253 2946 513 3014 constitueretur.
553 2946 613 3008 His
636 2946 704 3011 fere
727 2946 809 3009 locis
832 2966 871 3008 ea
895 2948 1056 3008 sententia
1082 2946 1260 3010 nitebatur:

296 3033 572 3111 P011.V111‚12o,
597 3036 748 3119 διαιτηταί
773 3031 841 3098 δ’ἐκ
864 3041 929 3098 τῶν
944 3035 1025 3116 ὑπὲρ
1050 3037 1203 3118 ἑξήκοντα
1228 3037 1279 3118 ἔτη
1304 3039 1458 3117 γεγονότα)

251 3122 456 3206 ἐκληροῦντο.
1439 3155 1442 3160 ·

297 3213 444 3293 Hesych.
462 3235 487 3282 s,
505 3239 534 3283 v,
550 3215 710 3297 διαιτηταί·
728 3216 758 3278 οἱ
781 3209 816 3276 δὲ
830 3214 902 3295 περὶ
926 3214 1080 3296 ἑξήκοντα
1097 3215 1148 3296 ἔτη
1166 3215 1326 3293 γεγονότες
1349 3215 1476 3293 διῄτων.

298 3299 388 3364 Suid.
412 3323 438 3369 s.
466 3328 495 3372 ο.
520 3303 696 3386 διαιτητάς·
719 3302 793 3372 τοὺς
825 3304 907 3385 ὑπὲρ
938 3305 1131 3386 πεντήκοντα
1159 3303 1210 3386 ἔτη
1233 3303 1476 3384 γεγονότοςκαὶ

251 3391 423 3472 καθαροὺς
465 3394 571 3476 πάσης
610 3393 709 3461 αἰτίας
755 3393 1013 3475 ὑπειλημμένους
1055 3391 1120 3454 ἀπὸ
1169 3398 1225 3454 τοῦ
1269 3393 1476 3476 ληξιαρχικοῦ

251 3483 474 3562 γραμματείου
498 3483 720 3565 κληρώσαντες
742 3481 779 3544 τὰ
802 3487 867 3545 τῶν
889 3482 1026 3545 πολιτῶν
1050 3481 1170 3543 διαιτᾶν
1193 3482 1332 3551 ἐποίουν,

297 3567 378 3632 Lex.
396 3570 493 3652 Segu.
504 3591 536 3652 p.
555 3570 626 3649 186,
648 3572 660 3632 l
677 3592 702 3632 S.
716 3591 745 3638 v.
760 3571 917 3654 διαιτητήν
932 3590 939 3603 ·
964 3571 1043 3651 ὑπὲρ
1062 3569 1100 3633 τὰ
1115 3572 1309 3652 πεντήκοντα
1327 3573 1378 3656 ἔτη
1396 3571 1476 3654 ἦσαν

251 3659 366 3736 κριταί.

297 3745 380 3814 Lex.
405 3747 504 3829 Segu.
521 3769 554 3828 p.
572 3747 651 3820 235.
662 3747 720 3812 20:
734 3783 777 3794 -
789 3749 927 3828 ἐγίνοντο
945 3749 978 3811 δὲ
995 3748 1143 3830 διαιτηταί
1160 3749 1276 3816 πάντες
1293 3747 1474 3832 Ἀθηναῖοι,

252 3834 302 3904 οἷς
324 3836 498 3919 ἑξηκοστὸν
522 3838 592 3907 ἔτος
614 3837 653 3919 ἢν
676 3865 719 3892 =
743 3836 845 3900 schol.
877 3839 919 3899 ad
943 3837 1023 3906 Pht,
1047 3836 1133 3918 legg.
1158 3836 1214 3912 XI,
1239 3858 1272 3918 p.
1297 3836 1364 3900 926
1388 3836 1423 3906 C.

297 3925 340 3986 Hi
364 3926 427 3989 loci
449 3927 533 3988 inter
554 3946 590 3989 se
614 3927 795 4008 comparati
818 3927 947 3989 minime
973 3934 1165 4008 congruunt.

297 4013 427 4090 Pollux,
465 4017 514 4079 cui
549 4015 680 4078 Hubert
718 4017 749 4077 in
783 4015 880 4076 rebus
904 4015 946 4077 ad
986 4015 1194 4097 antiquitates
1232 4015 1308 4078 iuris
1351 4014 1474 4096 publici

251 4105 477 4182 spectantibus
512 4104 681 4185 plurimam
713 4103 941 4168 auctoritatem
963 4105 1089 4184 tribuit,
1125 4113 1233 4167 aetate
1257 4124 1355 4185 supra
1378 4124 1471 4168 sexa-

251 4193 342 4272 ginta
380 4213 481 4256 annos
517 4214 599 4274 opus
633 4193 731 4258 luisse
766 4194 945 4278 contendit,
984 4193 1169 4273 Hesychius
1207 4202 1352 4257 aetatem
1390 4193 1475 4256 clrca

251 4347 411 4355 ———-

298 4423 320 4491 1)
341 4428 396 4476 Der
414 4433 460 4478 att.
479 4423 599 4477 Prozess2
618 4443 644 4491 p.
667 4427 741 4476 1012.

298 4494 321 4549 ²)
341 4497 380 4548 Cs.
401 4497 470 4547 Suid.
490 4514 511 4551 s.
529 4515 553 4548 ν.
574 4495 711 4562 διαιτητάς.
