3240 5478
659 579 879 644 ..3ο-

200 757 294 820 Haec
310 757 440 819 minime
457 769 651 839 congruunt.
675 759 769 821 Nunc
793 778 871 820 vero
895 759 987 820 novis
1010 757 1204 821 adiumentis
1228 760 1312 822 aucti
1336 767 1381 820 et·

154 848 218 910 iam
243 847 330 908 hanc
353 845 573 909 difficultatem
598 847 690 910 facile
713 849 964 910 removebimus

201 935 257 998 Ab
288 935 389 998 Arist.
413 955 485 1015 cap.
512 935 553 998 53
577 933 596 1020 ξ
621 938 640 998 5
664 938 786 1000 initium
818 937 1002 1018 disputandi
1034 935 1206 1000 faciamus:
1242 935 1316 1020 ,Τὸν
1348 937 1382 1000 δὲ

153 1027 328 1089 τελευταῖον
361 1029 426 1086 τῶν
461 1025 647 1107 ἐπωνύμων
681 1027 829 1108 λαβόντες
853 1028 883 1089 οἱ
915 1025 1141 1106 τετταράκοντα
1177 1024 1383 1107 διανέμουσιν

155 1115 263 1183 αὐτοῖς
285 1113 340 1182 τὰς
363 1113 482 1182 διαίτας
504 1115 558 1176 καὶ
582 1115 817 1198 ἕπικληροῦσιν,
842 1118 880 1184 ἃς
896 1115 1029 1184 ἕκαστος
1044 1114 1201 1197 διαιτήσει.
1226 1115 1300 1176 Hoc
1316 1135 1382 1176 sor-

154 1203 278 1266 titionis
310 1198 450 1288 officium
485 1205 625 1282 primum
649 1204 692 1266 ad
716 1225 771 1266 eas
796 1224 922 1279 causas,
959 1223 1043 1284 quae
1066 1203 1109 1265 ad
1133 1199 1236 1266 forum
1259 1203 1321 1266 XL
1342 1203 1384 1265 vi·

155 1313 265 1356 rorum
290 1287 489 1354 deferendae
521 1301 627 1368 erant,
652 1293 847 1374 pertinuisse
871 1300 1125 1354 consentaneum
1150 1301 1210 1360 est.
1257 1291 1326 1355 Sed
1349 1300 1383 1356 et

154 1381 257 1445 verba
280 1379 466 1442 Aristotelis
490 1389 524 1444 et
547 1382 735 1462 exemplum
759 1380 994 1463 polemarehi1)
1019 1389 1052 1442 et
1067 1379 1204 1443 fortasse
1221 1380 1382 1460 euthyno-

155 1469 260 1555 rum2)
285 1469 438 1550 colligere
462 1470 662 1556 permittunt,
687 1480 817 1534 ceteros
841 1473 1050 1550 magistratus
1073 1470 1212 1532 arbitros
1228 1470 1384 1532 sortiendi

143 1567 355 1642 ,potestatem
371 1579 435 1620 non
452 1558 606 1622 habuisse
624 1561 683 1622 sed
699 1561 762 1623 XL
777 1561 862 1622 viros
879 1560 969 1622 adire
985 1559 1147 1636 debuisse,
1168 1567 1204 1620 ut
1219 1559 1384 1634 arbitrum,

156 1650 210 1730 qui
225 1667 292 1710 rem
309 1649 481 1729 acciperet,
499 1657 587 1710 sorte
600 1658 756 1711 crearent.
771 1648 838 1710 Sed
850 1649 1030 1710 accuratius
1044 1648 1308 1729 distinguendum
1325 1655 1383 1715 est.

201 1736 450 1799 Polemarchum
474 1738 559 1798 enim
584 1745 618 1800 et
642 1740 804 1818 euthynos
828 1757 881 1798 res
904 1758 924 1799 a
946 1736 1017 1798 foro
1041 1757 1101 1800 suo
1126 1738 1275 1800 remissas
1298 1745 1385 1800 totas

155 1826 218 1890 XL
229 1827 305 1888 viris
328 1827 459 1888 tradere
482 1826 639 1902 videmus
665 1827 764 1891 ceteri
788 1829 1012 1911 magistratus,
1036 1827 1096 1887 etsi
1119 1825 1245 1888 arbitris
1270 1846 1385 1888 causas

156 1916 363 1977 instruendas
387 1923 420 1976 et
443 1915 634 1977 iudicandas
658 1917 900 1990 mandaverant,
924 1923 1035 1978 tamen
1059 1917 1166 1996 ἔφεσιν
1189 1916 1382 1994 retinebant,

156 2005 176 2068 i.
202 2025 229 2068 e.
255 2005 281 2065 si
305 2005 499 2084 provocatio
523 2003 631 2080 fiebat,
657 2025 722 2066 non
745 2007 788 2068 ad
811 2025 972 2087 pagorum
996 2005 1128 2078 iudices,
1154 2005 1208 2084 qui
1232 2004 1386 2066 arbitrum

159 2103 249 2156 sorte
273 2093 449 2173 elegerant,
475 2094 536 2154 sed
559 2095 602 2155 ad
630 2115 723 2156 suum
746 2114 896 2176 quaeque
920 2096 1145 2174 magistratum
1170 2113 1223 2155 res
1246 2092 1385 2160 redibat.

160 2181 262 2262 Quod
274 2182 436 2262 Harpocr‚
461 2178 498 2265 (s.
515 2204 545 2246 v.
564 2181 726 2270 διαιτηταί)
741 2184 860 2247 rectius
875 2203 973 2266 quam
990 2182 1186 2245 Aristoteles
1202 2182 1386 2262 exprimere

159 2271 296 2346 videtur,
322 2292 395 2333 cum
413 2272 516 2334 dieat:
542 2273 596 2335 καὶ
620 2274 843 2356 σημηνάμενοι
866 2271 1082 2353 παρεδίδοσαν
1104 2279 1169 2340 τοῖς
1185 2273 1387 2352 εἰσαγωνεῦσι

158 2366 226 2423 τῶν
250 2361 360 2434 δικῶν,
397 2381 471 2422 cum
503 2361 703 2425 Aristoteles
734 2359 817 2447 (cap.
844 2361 897 2446 52,
923 2360 991 2444 2r3)
1023 2361 1091 2421 eius
1115 2361 1208 2424 unius
1231 2379 1388 2440 provoca-

159 2449 255 2511 tionis
279 2451 468 2522 meminerit‚
494 2471 577 2532 quae
602 2452 643 2513 ad
661 2451 723 2514 XL
739 2451 826 2512 viros
850 2449 1025 2511 deferenda
1040 2447 1146 2534 etad).
1171 2448 1239 2512 Sed
1255 2449 1284 2510 ei
1309 2469 1387 2530 quo·

160 2557 224 2620 que
248 2540 468 2620 magistratus,
494 2542 548 2620 qui
572 2539 637 2602 hoc
662 2540 761 2602 modo
786 2559 854 2600 rern
878 2539 1005 2600 arbitris
1024 2539 1209 2601 mandatam
1233 2537 1304 2600 foro
1326 2557 1387 2599 suo

158 2628 379 2703 reservabant,
404 2628 542 2690 arbitros
566 2648 632 2690 non
655 2631 744 2708 ipsos
766 2627 912 2710 elegisse,
936 2628 996 2690 sed
1021 2628 1233 2708 quadraginta
1247 2627 1388 2690 virorum

160 2736 264 2798 opera
295 2717 425 2797 eguisse
456 2717 533 2779 mihi
565 2718 699 2798 quidem
730 2718 890 2780 videntur.
931 2716 1092 2796 Quicum
1117 2716 1178 2779 soli
1202 2715 1387 2796 catalogum

160 2805 354 2869 arbitrorum
379 2806 517 2868 fortasse
549 2807 590 2867 ab
614 2807 691 2888 ipsis
716 2807 888 2888 δοκιμασίᾳ
915 2814 1106 2868 renovatum
1139 2814 1172 2867 et
1204 2814 1387 2866 correctum

160 2895 193 2956 in
210 2895 357 2956 manibus
372 2895 540 2975 haberent,
564 2895 732 2975 praeteriri
748 2916 814 2958 non
830 2903 993 2975 poterant.
1019 2893 1073 2957 Sic
1089 2895 1174 2956 viam
1190 2894 1233 2955 ad
1250 2893 1389 2955 arbitros

160 2985 219 3046 nisi
244 3004 305 3064 per
327 2983 389 3046 XL
400 2984 487 3045 viros
511 2986 643 3046 omnino
667 3005 732 3046 non
755 2985 852 3046 fuisse
875 2981 1051 3070 efficitur4).
1084 2983 1168 3047 Inde
1192 3003 1290 3062 supra
1313 3002 1387 3042 con·

160 3072 312 3135 clusimus
336 3081 368 3135 et
393 3073 560 3153 praesides
584 3074 712 3154 collegii
729 3073 930 3146 arbitrorum,
957 3073 1010 3154 qui
1027 3073 1163 3153 singulis
1180 3071 1389 3134 consessibus

159 3170 343 3244 praeerant,
368 3182 387 3223 a
410 3162 471 3222 XL
495 3163 568 3225 viris
591 3173 680 3226 sorte
705 3164 885 3224 destinatos
910 3183 993 3228 esse.
1152 3227 1154 3232 ,

205 3251 300 3312 Haec
323 3252 405 3314 ratio
429 3252 511 3312 inter
533 3251 672 3313 arbitros
697 3259 729 3312 et
752 3271 913 3332 pagorum
936 3251 1058 3313 iudices
1075 3248 1308 3322 intercedebat,
1333 3250 1388 3310 im-

160 3339 270 3424 plicita
293 3339 346 3401 illa
369 3340 500 3420 quidem
532 3350 565 3402 et
596 3361 754 3402 annorum
780 3361 875 3403 cursu
900 3339 1055 3420 paulatim
1080 3347 1212 3414 mutata,
1246 3337 1390 3400 dilucida

159 3449 239 3492 vero
263 3438 295 3490 et
324 3425 426 3492 facilis
457 3429 499 3490 ad
523 3429 787 3509 intellegendum,
825 3431 852 3491 si
875 3429 991 3509 prioris
1015 3427 1227 3508 simplicitatis
1250 3427 1390 3506 vestigia

161 3519 368 3601 persequaris
391 3517 450 3600 (Cf,
474 3518 552 3580 infra
575 3539 607 3598 p,
632 3515 733 3602 alja).

198 3677 220 3743 1)
241 3681 285 3727 Ar.
302 3676 354 3728 ’All
374 3676 430 3727 πολ.
451 3695 507 3744 cap.
528 3680 569 3740 58,
588 3680 613 3730 2.

197 3748 220 3816 2)
239 3752 347 3801 Aristot.
367 3767 423 3814 cap.
442 3751 486 3810 48,
505 3751 529 3799 5.
549 3755 647 3801 Auctor
666 3753 698 3798 de
717 3750 798 3799 altero
817 3765 912 3812 genere
931 3746 1051 3798 εὐθυνῶν
1070 3749 1135 3797 haec
1155 3749 1232 3798 dicit:
1261 3747 1276 3796 ὁ
1294 3744 1322 3797 δὲ
1341 3747 1389 3812 (sc.

161 3819 283 3884 εὔθυνος)
301 3817 391 3887 λαβὼν
418 3826 492 3870 τοῦτο
517 3822 579 3884 (le.
596 3819 717 3870 πινάκιον
744 3825 788 3870 τοῦ
816 3818 884 3869 ἰδίαν
902 3818 1016 3870 almvm
1034 3816 1240 3885 ἐμβαλλομένου)
1260 3817 1305 3868 καὶ
1326 3816 1389 3869 ἀνα-

160 3891 246 3959 γνούς,
264 3889 309 3942 ἐὰν
327 3888 374 3955 μὲν
392 3899 514 3956 καταγνῷ
537 3891 719 3956 παραδίδωσιν
734 3888 764 3941 τὰ
781 3887 829 3955 μὲν
848 3890 900 3941 ἴδια
915 3897 966 3945 τοῖς
985 3889 1118 3946 δικασταῖς
1131 3897 1182 3946 τοῖς
1192 3887 1259 3940 κατὰ
1278 3888 1389 3955 δήμους,

161 3963 188 4014 οἳ
203 3961 250 4029 τὴν
268 3960 355 4028 φυλὴν
379 3961 473 4027 ταύτην
492 3961 644 4022 δικάζουσιν
669 3972 718 4012 etc.
737 3963 781 4012 Nil
801 3964 897 4026 obstat,
928 3963 1062 4027 quominus
1083 3971 1108 4010 et
1127 3963 1193 4012 hunc
1212 3962 1336 4024 libellum,
1362 3970 1390 4011 ut

161 4044 263 4086 ceteros
283 4052 296 4082 a
315 4036 362 4082 XL
381 4034 441 4082 viris
461 4045 582 4099 acceptos
611 4043 635 4082 et
659 4035 739 4101 pluris
764 4051 838 4099 quam
862 4036 886 4082 X
904 4035 1030 4082 drachmis
1049 4036 1197 4083 aestimatos
1217 4035 1317 4084 arbitris
1338 4042 1388 4083 tra·

162 4108 242 4156 ditum
262 4123 318 4154 esse
336 4114 461 4171 putemus.

119 4178 122 4183 ’
198 4177 219 4243 ³)
239 4178 358 4227 Similiter
368 4177 455 4225 Busolt
473 4195 498 4242 p.
514 4177 572 4226 271.
584 4177 632 4225 His
645 4177 667 4224 in
688 4178 764 4224 rebus
783 4177 845 4224 lalsa
865 4177 934 4240 apud
951 4177 1114 4225 Aristotelem
1128 4179 1212 4239 imago
1233 4177 1389 4239 exprimitur,

161 4265 226 4313 quae
245 4249 353 4297 arbitros
373 4265 429 4296 curn
448 4249 496 4298 XL
513 4248 571 4296 viris
589 4256 641 4296 tarn
660 4258 712 4298 arte
732 4249 883 4296 coniunctos
903 4248 1016 4308 exhibet,
1034 4257 1071 4309 ut,
1090 4262 1155 4312 quae
1175 4249 1239 4296 ratio
1258 4247 1324 4295 inter
1344 4263 1392 4297 eos

162 4331 187 4370 et
206 4328 306 4368 ceteros
326 4321 484 4384 magistratus
502 4320 684 4381 intercesserit,
715 4320 867 4368 concludere
881 4319 952 4366 nullo
967 4320 1043 4366 rnodo
1056 4334 1197 4383 possemus,
1218 4319 1264 4367 nisi
1283 4320 1389 4367 alterum

162 4400 291 4440 auctorem
309 4391 461 4440 haberemus
480 4391 691 4440 Demosthenem.
712 4391 867 4440 Aristoteles
880 4397 965 4438 autern
984 4390 1047 4438 haec
1066 4391 1152 4440 omnia
1174 4405 1225 4438 non
1250 4391 1311 4438 satis
1332 4407 1391 4454 per·

161 4464 273 4527 spexisse
293 4463 402 4524 videtur,
430 4460 527 4526 quippe
556 4461 598 4526 qui
618 4477 647 4509 ne
670 4463 786 4525 publicas
814 4462 918 4526 quidem
948 4473 1035 4509 causas
1064 4478 1079 4510 a
1110 4460 1215 4525 privatis
1235 4461 1391 4526 distinguere

162 4549 257 4598 operae
275 4534 383 4596 pretium
404 4533 508 4581 duxerit.

195 4603 217 4670 ⁴)
236 4605 301 4653 Ideo
321 4605 471 4665 corrigenda
491 4613 548 4652 sunt
567 4603 647 4668 Lipsii
666 4606 747 4652 verba
766 4605 790 4653 in
812 4604 844 4653 D.
865 4610 909 4654 att.
929 4599 1017 4653 Ριοε.2
1036 4621 1061 4668 p.
1080 4603 1123 4654 48.
