3240 5478
755 571 980 634 „34-

304 753 550 835 Peregrinorum
581 751 653 813 lites
684 751 727 813 ad
758 749 1005 830 polemarchum
1030 749 1274 832 deferebantur,
1312 751 1353 811 ab
1378 768 1488 830 eoque

261 850 472 923 -quattuor
492 841 598 902 causis
622 840 770 920 exceptis
792 875 826 886 -
846 847 934 904 sorte
958 859 1018 919 per
1040 857 1200 920 pagorum
1224 839 1347 902 iudices
1371 838 1415 900 ad
1438 857 1488 899 ar-

258 930 362 993 bitros
377 929 565 994 transibant.
589 927 622 992 Si
639 930 828 1010 provocatio
841 929 950 1006 fiebat,
965 948 985 990 a
1000 948 1161 1009 pagorum
1177 928 1338 992 iudicibus
1354 928 1488 1007 recipie-

258 1019 364 1084 batur.
390 1018 480 1083 Servi
505 1027 538 1082 et
560 1018 622 1098 ipsi
646 1017 777 1099 quidem
800 1018 882 1080 inter
905 1017 1096 1098 peregrinos
1112 1017 1301 1080 numerandi
1316 1025 1400 1096 sunt,
1425 1016 1488 1078 sed

258 1129 318 1172 eos
341 1107 568 1170 accusantibus
592 1106 838 1188 polemarchum
868 1106 957 1168 adire
980 1127 1045 1168 non
1068 1106 1196 1185 licebat,
1229 1127 1302 1169 cum
1325 1125 1486 1189 pagorum

261 1197 382 1260 iudices
406 1197 468 1280 ipsi
492 1215 547 1258 eas
571 1195 644 1258 lites
668 1196 856 1277 acciperent
880 1204 913 1258 et
928 1195 1055 1258 arbitris
1072 1195 1294 1258 diiudicandas
1310 1195 1487 1263 traderent,

306 1287 398 1349 Haec
423 1286 576 1365 exceptio
601 1285 697 1349 etiam
714 1285 755 1346 ab
780 1287 825 1346 eis
850 1305 1007 1347 concessa
1028 1293 1087 1360 est,
1113 1287 1167 1367 qui
1184 1285 1376 1346 sententiam
1400 1292 1488 1346 tene-

264 1374 352 1454 bant,
378 1374 501 1436 civibus
518 1373 597 1436 solis
628 1373 716 1456 apud
740 1373 880 1436 arbitros
905 1373 1088 1454 disceptare
1104 1374 1243 1437 licuisse.
1270 1373 1329 1437 Cui
1345 1372 1489 1435 necessi-

263 1464 323 1526 tati
350 1463 478 1527 Hubert
504 1459 548 1548 (p.
565 1459 619 1548 35)
642 1463 842 1543 argumentis
861 1483 896 1524 se
923 1463 1091 1542 subduxit,
1116 1483 1199 1546 quae
1223 1462 1324 1524 verba
1348 1471 1488 1540 servent,

265 1573 334 1614 rem
366 1554 527 1615 deserant.
559 1551 653 1614 Nunc
683 1560 791 1613 autem
816 1552 924 1614 omnia
948 1553 1070 1632 optime
1094 1560 1288 1635 congruunt,
1312 1559 1488 1634 postquam

265 1641 451 1704 Aristotelis
477 1641 657 1704 doctrinam
681 1641 877 1722 accepimus.

632 1873 675 1948 B.
705 1871 767 1947 De
796 1877 947 1947 civium
977 1877 1123 1948 causis.

313 2050 416 2112 Multo
433 2049 594 2112 difficilior
616 2048 717 2111 altera
733 2049 881 2129 quaestio
898 2057 956 2124 est,
981 2057 1086 2112 utrum
1110 2070 1225 2113 omnes
1241 2051 1356 2112 civium
1373 2067 1491 2111 causae

266 2141 413 2220 privatae
437 2139 479 2200 ad
511 2139 702 2200 arbitrorum
726 2139 926 2218 provinciam
950 2139 1162 2218 pertinuerint
1185 2159 1297 2208 necne.
1337 2138 1491 2200 Arbitros

269 2229 385 2290 civium
409 2247 524 2290 causas
548 2247 567 2288 a
590 2247 749 2308 pagorum
774 2227 935 2289 iudicibus
959 2230 1240 2310 sorteaccepisse
1264 2247 1378 2290 omnes
1413 2227 1491 2288 anti-

268 2317 400 2398 quitatis
416 2325 568 2379 auctores
585 2336 659 2378 cum
672 2317 745 2396 ipso
758 2315 937 2378 Aristotele
953 2325 1121 2380 testantur.
1138 2318 1222 2378 Nam
1237 2336 1351 2379 omnes
1363 2334 1491 2393 causas,

266 2426 352 2488 quae
368 2405 468 2486 pluris
485 2425 582 2488 quam
594 2405 626 2466 X
643 2405 804 2467 drachmis
820 2405 1083 2484 aestimabantur,
1107 2427 1172 2467 non
1188 2425 1348 2488 pagorum
1364 2405 1490 2468 iudices

267 2495 478 2570 instruebant,
503 2494 561 2556 sed
585 2494 695 2556 arbitri
719 2496 761 2556 ab
785 2494 822 2555 iis
845 2503 935 2555 sorte
958 2493 1052 2556 electi
1062 2492 1095 2580 1),

313 2583 362 2646 At
378 2584 485 2661 miror,
510 2583 600 2664 quod
620 2583 771 2646 omnibus
794 2579 906 2666 fere2),
932 2584 985 2664 qui
1010 2584 1052 2644 de
1076 2583 1204 2647 arbitris
1216 2583 1315 2645 verba
1334 2583 1490 2662 fecerunt,

269 2683 303 2737 et
326 2672 497 2735 Aristoteli
506 2670 529 2758 3)
552 2672 613 2752 ipsi
637 2692 734 2733 unum
760 2673 853 2754 quasi
877 2673 1053 2752 praeterire
1078 2673 1128 2735 vel
1144 2673 1298 2734 brevibus
1314 2672 1421 2734 verbis
1438 2671 1492 2733 ab·

272 2763 397 2826 solvere
405 2761 433 2840 4)
450 2760 582 2842 placuit,
600 2760 690 2840 quod
707 2760 784 2822 mihi
801 2761 933 2842 quidem
950 2762 1084 2823 maximi
1097 2762 1255 2824 momenti
1271 2782 1345 2823 esse
1357 2761 1491 2824 videtur.

271 2853 348 2914 Non
372 2851 457 2912 enim
480 2867 640 2931 pagorum
663 2850 787 2912 iudices
811 2849 881 2924 soli,
906 2851 967 2912 sed
992 2852 1089 2912 etiam
1113 2852 1164 2913 alii
1181 2851 1391 2931 magistratus
1414 2849 1493 2912 arbi-

273 2942 331 3002 tris
370 2960 483 3001 causas
518 2939 723 3000 instruendas
746 2938 935 3014 tradebant,
972 2940 1005 3000 id
1030 2941 1118 3022 quod
1142 2961 1185 3004 ex
1209 2940 1407 3002 orationibus
1430 2939 1494 3001 De-

272 3029 453 3091 mosthenis
484 3029 562 3090 satis
593 3027 796 3107 intellegitur,
844 3027 996 3090 Eundem
1028 3048 1158 3091 sensum
1191 3031 1320 3110 Lipsius
1330 3027 1354 3112 5)
1385 3027 1493 3090 verbis

272 3117 411 3180 Pollucis
435 3113 602 3201 (V111‚<>3)
628 3117 817 3196 supposuit:
842 3118 1023 3198 εἰσαγωγεῖς
1046 3119 1145 3200 ἀρχῆς
1174 3120 1340 3201 κληρωτῆς
1364 3120 1492 3200 ὄνομα·

274 3204 361 3270 οὗτοι
375 3206 409 3268 δὲ
422 3205 478 3274 τὰς
489 3205 580 3274 δίκας
599 3208 763 3288 εἰσήγαγον
775 3205 858 3286 πρὸς
872 3207 946 3275 τοὺς
958 3207 1122 3290 διαιτητάς.
1149 3209 1234 3270 Nam
1248 3207 1385 3270 Pollucis
1397 3207 1495 3268 adno-

275 3296 432 3357 tationem
457 3293 636 3356 mutilatam
661 3304 694 3357 et
718 3293 888 3356 confusam
905 3295 982 3357 nihil
998 3295 1084 3358 aliud
1111 3297 1293 3378 significare
1310 3305 1412 3378 putat,
1437 3295 1494 3359 nisi

274 3385 520 3464 magistratuum
544 3403 619 3445 suas
644 3403 808 3465 quemque
832 3404 949 3446 causas
977 3385 1105 3447 arbitris
1121 3387 1305 3448 tradidisse.
1330 3385 1364 3449 Si
1381 3405 1495 3466 provo·

276 3473 362 3536 catio
386 3472 496 3546 fiebat,
528 3473 589 3552 ipsi
621 3493 689 3535 rem
721 3473 764 3533 ad
797 3472 959 3548 iudicium,
982 3474 1048 3534 cui
1081 3475 1325 3554 praesidebant,
1351 3473 1496 3536 ferebant

275 3561 436 3646 (εἰσῆγον).

318 3649 385 3713 Sed
416 3669 536 3732 operae
568 3650 708 3729 pretium
740 3657 807 3726 est,
848 3670 962 3732 omnes
994 3671 1049 3714 eas
1074 3667 1189 3714 causas
1213 3653 1326 3715 alierre
1350 3662 1383 3716 et
1413 3671 1496 3714 com·

273 3795 433 3802 *—

313 3866 332 3929 ¹)
353 3868 391 3918 Cf.
412 3871 519 3918 Aristot.
535 3864 599 3916 Ἀδ.
619 3863 675 3916 καί.
696 3868 739 3930 53,
758 3866 782 3918 2.

312 3935 334 4003 ¹)
353 3941 456 3987 Praeter
474 3937 699 3988 Hudtwalckerum
717 3955 743 4004 p.
764 3938 876 3988 nat-74.

313 4006 333 4074 ⁸)
353 4026 409 4074 cap.
422 4011 491 4069 LVI,
511 4011 526 4059 6
545 4011 651 4072 legimus
670 4011 701 4058 de
721 4016 853 4058 archonte:
887 4009 987 4076 γραφαὶ
1019 4007 1047 4061 δὲ
1074 4009 1119 4061 καί
1148 4011 1220 4062 δίκαι
1247 4011 1416 4079 λαγχάνονται
1435 4007 1497 4074 πρὸς

277 4076 362 4141 αὐτόν,
389 4079 419 4136 ἃς
438 4078 631 4144 ἀνακρίνας
650 4078 686 4136 εἰς
705 4077 732 4129 τὸ
752 4078 922 4145 δικαστήριον
947 4079 1041 4148 εἰσάγει
1061 4091 1109 4132 etc.
1128 4085 1187 4134 Hoc
1206 4086 1267 4135 loco
1285 4083 1428 4150 ἀνακρίνας
1447 4098 1497 4131 non

278 4151 312 4200 ad
330 4149 406 4206 δίκας
425 4153 540 4216 quadrat,
560 4168 625 4216 quae
644 4153 678 4199 ab
698 4153 798 4200 arbitris
817 4153 1012 4215 instruebantur,
1031 4156 1075 4203 sed
1095 4155 1126 4203 de
1146 4163 1259 4221 γραφαῖς
1272 4157 1333 4205 solis
1351 4155 1498 4218 intellegen-

277 4223 337 4271 dum
356 4234 400 4271 est.
421 4224 497 4272 Hanc
516 4231 597 4272 totam
615 4225 743 4272 materiam
764 4225 916 4273 Aristoteles
936 4227 1031 4276 minore
1051 4243 1111 4275 cura
1129 4237 1172 4277 aut
1190 4229 1295 4278 scientia
1313 4226 1436 4278 tractavit.

313 4292 335 4358 ⁴)
356 4295 459 4342 Hubert
478 4310 504 4358 p.
519 4295 559 4343 39.

314 4361 335 4428 Β)
355 4365 454 4430 Lipsius
474 4367 508 4415 D.
521 4371 565 4415 att.
579 4361 669 4415 Proc.⁸
681 4382 707 4431 p.
721 4363 792 4431 (illd.
817 4367 898 4416 Nimis
917 4369 1024 4417 audacia
1043 4377 1067 4418 et
1079 4385 1167 4434 parum
1185 4385 1246 4418 vera
1264 4371 1297 4418 de
1318 4371 1378 4421 hoc.
1397 4370 1456 4419 loco
1476 4375 1500 4416 et

279 4436 311 4485 de
332 4437 442 4500 collegio
462 4433 626 4500 εἰσαγωγέων
646 4437 759 4488 Goodell
779 4438 917 4488 construxit
935 4436 1006 4504 (Am.
1019 4441 1105 4503 Juurn.
1123 4441 1152 4489 ol
1168 4442 1259 4490 Philol.
1272 4440 1334 4504 XII,
1355 4441 1370 4490 3
1389 4457 1414 4507 ρ,
1426 4440 1499 4505 325);

279 4505 312 4559 cs.
327 4507 392 4556 infra
412 4525 437 4573 p.
460 4509 502 4568 37,
523 4509 580 4558 adn.
599 4509 624 4557 4.
