3240 5478
613 607 675 628 -·-·w
704 583 741 645 11
791 601 844 626 -·=-

112 762 318 834 putaremus
343 755 561 838 quadraginta
595 763 661 818 tres
697 755 772 817 anni
804 763 914 818 essent
944 774 1003 817 nec
1034 753 1108 835 plus
1140 774 1237 836 quam
1269 776 1354 836 qua·

114 843 268 924 draginta
308 845 373 906 duo
414 844 585 924 eponymi,
625 845 669 904 ita
704 852 738 906 ut
773 844 861 906 orbis
899 863 964 906 non
999 843 1126 906 clausus
1164 852 1249 906 esset
1287 845 1349 907 sed

111 932 325 1014 interruptus,
371 933 490 1014 Neque
528 933 639 1013 opinio
674 941 748 995 nost
750 953 784 994 ra
819 953 894 998 oum
918 932 1106 996 Aristotelis
1140 933 1248 995 verbis
1272 953 1349 995 con·

114 1029 264 1136 grueret:
297 1022 351 1084 καὶ
375 1022 598 1104 ἐπεγράφοντο
622 1022 730 1091 αὐτοῖς
768 1019 827 1104 (se.
851 1028 915 1090 τοῖς
947 1020 1146 1106 ἐφήβοις)’
1125 1047 1143 1084 o
1178 1047 1193 1084 τ
1203 1022 1341 1103 ’ἅρχων

115 1110 178 1191 ἐφ
189 1107 227 1172 οὗ
266 1111 496 1194 ἐνεγράφησαν,
537 1111 590 1173 καὶ
630 1111 648 1173 6
687 1111 858 1192 ἐπώνυμος
898 1111 917 1173 6
953 1115 1008 1191 τῷ
1045 1112 1237 1192 προτέρῳ
1266 1112 1348 1174 ἔτει

114 1199 443 1282 δεδιαιτηκώςί
468 1218 496 1264 e
521 1199 558 1274 is,
584 1219 681 1280 quem
706 1198 1229 1280 eponymumhabueruntarbitri
1253 1220 1342 1280 prae·

115 1290 245 1351 cedent'
223 1297 265 1351 trs
290 1286 407 1374 anni1.)
432 1288 593 1350 ldem't
547 1308 579 1350 in
580 1287 707 1368 tellegit
708 1309 745 1350 ur
761 1307 804 1350 ex
827 1308 899 1368 cap
917 1287 959 1350 53
983 1286 1063 1372 §bz
1094 1289 1150 1351 τὸν
1181 1283 1216 1350 66
1245 1290 1353 1352 reim--

114 1385 207 1440 ταῖσν
229 1383 295 1440 τῶν
319 1379 505 1459 ἐπωνύμων
529 1377 732 1458 λαβόντες
702 1401 731 1440 οι
754 1377 983 1457 τετταράκοντα
1009 1377 1213 1458 διανέμουσιν
1237 1379 1345 1446 αὐτοῖς

113 1466 174 1535 τὰς
198 1466 326 1535 διαίτας.
366 1466 505 1530 Ultimus
530 1467 616 1527 enim
640 1485 822 1546 eponymus
847 1474 916 1528 erat
939 1467 1209 1547 quadragesimus
1233 1486 1351 1528 secun—

114 1555 188 1630 dus,
214 1574 310 1636 quem
334 1556 363 1617 ei
386 1555 565 1632 habebant,
590 1556 644 1636 qui
661 1555 903 1634 sexagesimum
920 1555 1036 1617 aetatis
1053 1575 1171 1616 annum
1191 1555 1344 1636 agebant.

113 1643 196 1706 Post
218 1644 306 1707 hunc
329 1663 458 1723 annum,
484 1651 640 1726 utsupra
664 1643 815 1717 diximus
841 1643 964 1724 primus
988 1643 1097 1712 fiebat.
1144 1643 1192 1704 At
1215 1645 1242 1706 si
1266 1653 1346 1724 post

113 1732 280 1813 stipendia
303 1735 437 1796 emerita
460 1732 653 1795 arbitrorum
678 1752 779 1794 annus
794 1733 966 1812 ponendus
983 1741 1080 1809 esset,
1105 1731 1233 1796 arbitris
1258 1734 1344 1794 idem

114 1841 302 1902 eponymus
328 1831 425 1901 esset,
451 1823 505 1904 qui
530 1821 667 1904 ephebis
691 1821 836 1884 eiusdem
853 1821 936 1894 anni,
962 1831 995 1884 et
1015 1821 1212 1885 Aristoteles
1236 1823 1352 1885 dicere

116 1911 288 1974 debuitto
270 1912 487 1993 ὁέπώνιιμος
511 1912 529 1974 6
552 1915 599 1992 τῷ
634 1912 724 1991 αὐτῷ
759 1911 817 1973 ἔτει
848 1911 987 1978 διαιτῶν
1034 1909 1122 1990 Ergo
1158 1911 1267 1974 arbit
1229 1912 1344 1973 ttins-

113 2000 236 2080 pendia
258 2000 404 2062 nondum
440 2008 652 2063 emeruerant.
701 1998 768 2062 Sed
804 1999 1004 2061 hominest
991 2007 1058 2060 tam
1092 1999 1231 2079 grandes
1265 2009 1347 2063 natu·

113 2108 189 2152 raro
213 2090 255 2150 ad
289 2089 411 2152 bellurn
447 2090 544 2152 exciti
576 2097 658 2163 sunt,
692 2097 724 2150 et
748 2090 774 2150 si
797 2108 959 2150 summum
984 2088 1163 2168 periculum
1188 2089 1332 2150 instabat
1319 2097 1349 2170 t,

114 2178 272 2240 iustitium
295 2177 530 2240 intercedebat.

697 2425 770 2510 §2

326 2633 435 2708 Num
464 2629 668 2722 δοκιμασία
696 2629 947 2704 arbitrorum
976 2628 1110 2704 fuerit.

161 2851 213 2912 De
237 2850 412 2933 δοκιμασίᾳ
435 2851 627 2913 arbitrorum
651 2871 726 2912 cum
749 2849 827 2912 nihil
851 2869 869 2912 e
892 2847 1036 2913 fontibus
1059 2851 1196 2932 antiquis
1216 2851 1348 2912 haurire·

116 2941 290 3020 possimus,
315 2949 483 3003 auctorum
506 2942 721 3002 recentiorum
745 2939 796 3002 alii
820 2940 881 3001 alia
905 2939 965 3002 sibi
989 2940 1161 3006 finxerunt.

162 3028 398 3091 Hudtwalcker
420 3050 554 3110 prorsus
577 3029 655 3090 nihil
680 3030 722 3090 de
747 3049 786 3090 ea
809 3049 843 3090 re
868 3028 954 3103 dicit,
980 3029 1081 3090 Meier
1105 3030 1151 3111 (p.
1181 3028 1343 3110 11)ὄοκι-

115 3119 235 3200 μασίαν
259 3117 462 3197 probabilem
484 3119 602 3196 reddit,
628 3117 817 3180 Schbmann
834 3115 1032 3202 (Philologus
1048 3117 1071 3194 l,
1089 3138 1121 3198 p.
1140 3116 1219 3201 729)
1236 3137 1344 3179 assen-

117 3208 179 3268 tire
202 3207 340 3276 videtur.
1333 3276 1337 3280 ,

162 3295 290 3358 Hubert
313 3317 382 3359 rem
405 3297 437 3358 in
461 3295 560 3358 dubio
593 3295 751 3378 relinquit,
784 3295 842 3356 sed
867 3295 909 3356 ad
933 3313 1005 3356 eam
1033 3294 1217 3376 negandam
1241 3294 1345 3372 affert,

118 3385 210 3466 quod
234 3385 366 3448 εὐθύνοι
389 3384 582 3446 arbitrorum
606 3405 671 3447 non
696 3393 797 3447 erant.
839 3384 934 3464 Quae
951 3405 1050 3446 causa
1073 3386 1164 3464 parvi
1188 3385 1350 3446 momenti*

118 3482 178 3542 est.
213 3473 374 3555 Equidem
406 3474 599 3555 δοκιμασίαν
630 3494 674 3536 ex
704 3473 892 3536 Aristotelis
924 3473 1031 3534 verbis
1062 3471 1216 3552 colligere
1246 3491 1346 3552 posse

117 3563 196 3624 mihi
222 3563 341 3641 videor,
368 3582 452 3643 quae
476 3582 549 3642 cap.
576 3562 618 3624 53
642 3561 697 3647 §5
723 3563 764 3625 de
789 3563 913 3624 ratione
937 3562 1021 3625 inter
1044 3562 1184 3624 arbitros
1201 3561 1344 3641 singulas

118 3672 171 3713 res
191 3651 347 3713 sortiendi
370 3651 529 3731 leguntur.
566 3652 651 3713 Nam
673 3651 813 3732 catalogi
836 3651 1042 3730 epheborum
1059 3653 1088 3712 in
1106 3669 1180 3712 aere
1197 3649 1353 3729 insculpti

118 3740 331 3824 quadraginta
366 3759 431 3802 uno
466 3742 555 3802 annis
594 3748 671 3822 post
709 3760 775 3802 non
808 3741 941 3802 multum
976 3739 1145 3816 valebant,
1186 3759 1260 3800 eum
1294 3738 1346 3800 alii

117 3838 256 3892 mortem
280 3829 444 3907 obissent,
477 3829 527 3890 alii
552 3850 570 3892 e
593 3829 696 3911 patria
720 3829 944 3910 emigrassent,
969 3829 1022 3890 alii
1046 3828 1161 3910 capitis
1187 3827 1346 3890 deminuti

118 3919 149 3978 in
174 3918 305 3980 exilium
329 3918 419 3980 missi
434 3927 551 3980 essent.
578 3918 692 4000 Atque
709 3917 906 3981 Aristoteles
916 3915 940 4000 2)
964 3917 1098 3998 quidem
1115 3925 1244 3996 praeter
1260 3916 1349 3994 illos,

119 4007 173 4088 qui
190 4007 277 4088 apud
293 4015 425 4068 exteros
438 4006 642 4084 habitabant,
667 4027 725 4068 eos
741 4007 933 4069 arbitrorum
946 4006 1056 4070 officio
1069 4006 1159 4068 solos
1172 4013 1346 4087 exemptos

118 4115 192 4159 esse
217 4095 303 4170 dicit,
329 4096 382 4178 qui
406 4095 523 4158 eodem
547 4116 632 4158 anno
656 4097 845 4177 magistratu
868 4094 1094 4178 fungebantur.
1130 4093 1249 4157 Snidas
1272 4115 1297 4161 s,
1315 4118 1344 4157 v.

164 4359 183 4425 ¹)
202 4361 243 4412 Sic
262 4379 285 4414 v.
306 4362 465 4412 Herwerden
484 4367 510 4411 et
529 4363 657 4412 Leeuwen
676 4361 701 4410 in
720 4361 832 4410 editione
856 4361 901 4411 Ar.
920 4357 974 4414 ’Art
992 4359 1049 4411 πολ.
1068 4363 1135 4410 hunc
1162 4362 1247 4410 locum
1266 4361 1352 4410 inter·

122 4441 263 4498 pretautur.

127 4571 134 4589 ³
162 4501 186 4624 23
207 4505 252 4553 Ar.
272 4519 328 4568 cap.
348 4504 382 4553 53
405 4500 420 4568 ξ
439 4503 464 4556 5.
482 4499 550 4568 πλὴν
568 4499 616 4552 ε’ἀν
633 4501 697 4568 τύχῃ
713 4499 798 4568 ἀρχὴν
816 4500 908 4568 ἅρχων
926 4499 985 4552 τινὰ
1003 4499 1030 4552 ἒν
1048 4499 1142 4567 ἐκείνῳ
1152 4508 1189 4567 τῷ
1208 4500 1319 4566 ἐνιαυτῷ
1329 4499 1352 4568 ἢ·

120 4592 169 4624 arro
187 4592 271 4645 ημων.
