<?xml version="1.0" encoding="UTF-8"?>
<!DOCTYPE html PUBLIC "-//W3C//DTD XHTML 1.0 Transitional//EN"
    "http://www.w3.org/TR/xhtml1/DTD/xhtml1-transitional.dtd">
<html xmlns="http://www.w3.org/1999/xhtml" xml:lang="en" lang="en">
 <head>
  <title>
</title>
<meta http-equiv="Content-Type" content="text/html;charset=utf-8" />
  <meta name='ocr-system' content='tesseract 3.04.00' />
  <meta name='ocr-capabilities' content='ocr_page ocr_carea ocr_par ocr_line ocrx_word'/>
</head>
<body>
  <div class='ocr_page' id='page_1' title='image "./dearbitrisathen00piscgoog_0024.png"; bbox 0 0 3240 5478; ppageno 0'>
   <div class='ocr_carea' id='block_1_1' title="bbox 625 617 845 679">
    <p class='ocr_par' dir='ltr' id='par_1_1' title="bbox 625 617 845 679">
     <span class='ocr_line' id='line_1_1' title="bbox 625 617 845 679; baseline -0.005 -14"><span class='ocrx_word' id='word_1_1' title='bbox 625 617 845 679; x_wconf 78' lang='lat'>..21-</span> 
     </span>
    </p>
   </div>
   <div class='ocr_carea' id='block_1_2' title="bbox 111 792 1353 1051">
    <p class='ocr_par' dir='ltr' id='par_1_2' title="bbox 111 792 1353 1051">
     <span class='ocr_line' id='line_1_2' title="bbox 111 792 1353 878; baseline 0.001 -22"><span class='ocrx_word' id='word_1_2' title='bbox 111 795 358 874; x_wconf 82' lang='lat' dir='ltr'>cognoscimus.</span> <span class='ocrx_word' id='word_1_3' title='bbox 384 792 478 875; x_wconf 86' lang='lat' dir='ltr'>Quae</span> <span class='ocrx_word' id='word_1_4' title='bbox 503 794 646 876; x_wconf 87' lang='lat' dir='ltr'>denique</span> <span class='ocrx_word' id='word_1_5' title='bbox 670 803 862 877; x_wconf 87' lang='lat' dir='ltr'>argumenta</span> <span class='ocrx_word' id='word_1_6' title='bbox 886 794 922 859; x_wconf 88' lang='lat' dir='ltr'>C.</span> <span class='ocrx_word' id='word_1_7' title='bbox 939 795 990 859; x_wconf 89' lang='lat' dir='ltr'>Fr.</span> <span class='ocrx_word' id='word_1_8' title='bbox 1009 795 1178 860; x_wconf 73' lang='lat' dir='ltr'>Hermann</span> <span class='ocrx_word' id='word_1_9' title='bbox 1187 795 1211 878; x_wconf 80' lang='lat'>1)</span> <span class='ocrx_word' id='word_1_10' title='bbox 1235 795 1353 858; x_wconf 83' lang='lat' dir='ltr'>adver-</span> 
     </span>
     <span class='ocr_line' id='line_1_3' title="bbox 114 882 1353 964; baseline 0.003 -21"><span class='ocrx_word' id='word_1_11' title='bbox 114 902 174 944; x_wconf 86' lang='lat' dir='ltr'>sus</span> <span class='ocrx_word' id='word_1_12' title='bbox 198 882 391 946; x_wconf 87' lang='lat' dir='ltr'>arbitrorum</span> <span class='ocrx_word' id='word_1_13' title='bbox 417 883 639 946; x_wconf 90' lang='lat' dir='ltr'>iusiurandum</span> <span class='ocrx_word' id='word_1_14' title='bbox 663 883 818 964; x_wconf 92' lang='lat' dir='ltr'>protulit,</span> <span class='ocrx_word' id='word_1_15' title='bbox 851 904 936 946; x_wconf 91' lang='lat' dir='ltr'>nunc</span> <span class='ocrx_word' id='word_1_16' title='bbox 964 905 1030 949; x_wconf 92' lang='lat' dir='ltr'>non</span> <span class='ocrx_word' id='word_1_17' title='bbox 1055 884 1161 948; x_wconf 91' lang='lat' dir='ltr'>solum</span> <span class='ocrx_word' id='word_1_18' title='bbox 1184 885 1295 949; x_wconf 87' lang='lat' dir='ltr'>Meieri</span> <span class='ocrx_word' id='word_1_19' title='bbox 1320 892 1353 947; x_wconf 95' lang='lat' dir='ltr'>et</span> 
     </span>
     <span class='ocr_line' id='line_1_4' title="bbox 114 969 1136 1051; baseline 0.002 -19"><span class='ocrx_word' id='word_1_20' title='bbox 114 970 258 1034; x_wconf 77' lang='lat' dir='ltr'>liuberti</span> <span class='ocrx_word' id='word_1_21' title='bbox 281 971 399 1051; x_wconf 87' lang='lat' dir='ltr'>verbis,</span> <span class='ocrx_word' id='word_1_22' title='bbox 423 973 484 1035; x_wconf 88' lang='lat' dir='ltr'>sed</span> <span class='ocrx_word' id='word_1_23' title='bbox 508 971 699 1036; x_wconf 84' lang='lat' dir='ltr'>Aristotelis</span> <span class='ocrx_word' id='word_1_24' title='bbox 723 973 916 1036; x_wconf 91' lang='lat' dir='ltr'>auctoritate</span> <span class='ocrx_word' id='word_1_25' title='bbox 941 969 1136 1036; x_wconf 85' lang='lat' dir='ltr'>refelluntur.</span> 
     </span>
    </p>
   </div>
   <div class='ocr_carea' id='block_1_3' title="bbox 697 1149 771 1234">
    <p class='ocr_par' dir='ltr' id='par_1_3' title="bbox 697 1149 771 1234">
     <span class='ocr_line' id='line_1_5' title="bbox 697 1149 771 1234; baseline -0.014 -15"><span class='ocrx_word' id='word_1_26' title='bbox 697 1149 771 1234; x_wconf 73' lang='lat' dir='ltr'>§b</span> 
     </span>
    </p>
   </div>
   <div class='ocr_carea' id='block_1_4' title="bbox 180 1288 1286 1410">
    <p class='ocr_par' dir='ltr' id='par_1_4' title="bbox 180 1288 1286 1410">
     <span class='ocr_line' id='line_1_6' title="bbox 180 1288 1286 1410; baseline 0 -42"><span class='ocrx_word' id='word_1_27' title='bbox 180 1292 244 1368; x_wconf 87' lang='lat' dir='ltr'>De</span> <span class='ocrx_word' id='word_1_28' title='bbox 272 1288 403 1400; x_wconf 77' lang='grc' dir='ltr'><em>ιὶτιμίμ</em></span> <span class='ocrx_word' id='word_1_29' title='bbox 434 1296 579 1370; x_wconf 82' lang='lat' dir='ltr'>arbitri</span> <span class='ocrx_word' id='word_1_30' title='bbox 608 1315 774 1370; x_wconf 88' lang='lat' dir='ltr'>causam</span> <span class='ocrx_word' id='word_1_31' title='bbox 803 1299 1014 1410; x_wconf 82' lang='lat' dir='ltr'>suscipere</span> <span class='ocrx_word' id='word_1_32' title='bbox 1043 1297 1286 1370; x_wconf 79' lang='lat' dir='ltr'>recusantis</span> 
     </span>
    </p>
   </div>
   <div class='ocr_carea' id='block_1_5' title="bbox 110 1479 1356 3705">
    <p class='ocr_par' dir='ltr' id='par_1_5' title="bbox 110 1479 1356 1746">
     <span class='ocr_line' id='line_1_7' title="bbox 161 1479 1356 1568; baseline -0.002 -18"><span class='ocrx_word' id='word_1_33' title='bbox 161 1487 216 1550; x_wconf 86' lang='lat' dir='ltr'>Ex</span> <span class='ocrx_word' id='word_1_34' title='bbox 239 1486 354 1550; x_wconf 88' lang='lat' dir='ltr'>eadem</span> <span class='ocrx_word' id='word_1_35' title='bbox 380 1486 421 1548; x_wconf 93' lang='lat' dir='ltr'>dc</span> <span class='ocrx_word' id='word_1_36' title='bbox 447 1487 644 1550; x_wconf 89' lang='lat' dir='ltr'>arbitrorum</span> <span class='ocrx_word' id='word_1_37' title='bbox 668 1479 923 1551; x_wconf 58' lang='lat' dir='ltr'>muneris&#39;initio</span> <span class='ocrx_word' id='word_1_38' title='bbox 947 1488 1119 1565; x_wconf 91' lang='lat' dir='ltr'>sententia,</span> <span class='ocrx_word' id='word_1_39' title='bbox 1155 1507 1253 1568; x_wconf 91' lang='lat' dir='ltr'>quam</span> <span class='ocrx_word' id='word_1_40' title='bbox 1277 1507 1356 1568; x_wconf 51' lang='lat' dir='ltr'>pro·¹</span> 
     </span>
     <span class='ocr_line' id='line_1_8' title="bbox 114 1575 1351 1658; baseline -0.001 -19"><span class='ocrx_word' id='word_1_41' title='bbox 114 1577 210 1639; x_wconf 70' lang='lat' dir='ltr'>xima</span> <span class='ocrx_word' id='word_1_42' title='bbox 243 1575 452 1656; x_wconf 86' lang='lat' dir='ltr'>paragrapho</span> <span class='ocrx_word' id='word_1_43' title='bbox 488 1575 711 1656; x_wconf 86' lang='lat' dir='ltr'><strong>defendimus,</strong></span> <span class='ocrx_word' id='word_1_44' title='bbox 749 1576 937 1641; x_wconf 90' lang='lat' dir='ltr'>Aristotelis</span> <span class='ocrx_word' id='word_1_45' title='bbox 967 1577 1137 1639; x_wconf 88' lang='lat' dir='ltr'>adnotatio</span> <span class='ocrx_word' id='word_1_46' title='bbox 1169 1578 1211 1640; x_wconf 88' lang='lat' dir='ltr'>de</span> <span class='ocrx_word' id='word_1_47' title='bbox 1243 1576 1351 1658; x_wconf 82' lang='grc' dir='ltr'><em>ἀτιμίᾳ</em></span> 
     </span>
     <span class='ocr_line' id='line_1_9' title="bbox 110 1665 939 1746; baseline 0 -18"><span class='ocrx_word' id='word_1_48' title='bbox 110 1665 230 1728; x_wconf 83' lang='lat' dir='ltr'>arbitri</span> <span class='ocrx_word' id='word_1_49' title='bbox 254 1684 386 1726; x_wconf 92' lang='lat' dir='ltr'>causam</span> <span class='ocrx_word' id='word_1_50' title='bbox 410 1665 610 1746; x_wconf 84' lang='lat' dir='ltr'>repudiantis</span> <span class='ocrx_word' id='word_1_51' title='bbox 636 1686 768 1730; x_wconf 91' lang='lat' dir='ltr'>manare</span> <span class='ocrx_word' id='word_1_52' title='bbox 792 1665 939 1728; x_wconf 89' lang='lat' dir='ltr'>videtur:</span> 
     </span>
    </p>

    <p class='ocr_par' dir='ltr' id='par_1_6' title="bbox 111 1751 1350 2107">
     <span class='ocr_line' id='line_1_10' title="bbox 163 1751 1350 1838; baseline 0 -22"><span class='ocrx_word' id='word_1_53' title='bbox 163 1773 235 1834; x_wconf 89' lang='lat' dir='ltr'>cap.</span> <span class='ocrx_word' id='word_1_54' title='bbox 264 1753 338 1814; x_wconf 92' lang='lat' dir='ltr'>LIII</span> <span class='ocrx_word' id='word_1_55' title='bbox 368 1751 390 1838; x_wconf 67' lang='grc' dir='ltr'>ξ</span> <span class='ocrx_word' id='word_1_56' title='bbox 415 1752 435 1816; x_wconf 85' lang='grc'>5</span> <span class='ocrx_word' id='word_1_57' title='bbox 459 1755 513 1817; x_wconf 87' lang='grc' dir='ltr'><em>καὶ</em></span> <span class='ocrx_word' id='word_1_58' title='bbox 536 1755 718 1836; x_wconf 80' lang='grc' dir='ltr'><em>ἀναγκαῖον,</em></span> <span class='ocrx_word' id='word_1_59' title='bbox 756 1758 795 1824; x_wconf 83' lang='grc' dir='ltr'>ἃς</span> <span class='ocrx_word' id='word_1_60' title='bbox 823 1757 862 1818; x_wconf 81' lang='grc' dir='ltr'>ἂν</span> <span class='ocrx_word' id='word_1_61' title='bbox 886 1756 1018 1825; x_wconf 83' lang='grc' dir='ltr'><em>ἕκαστος</em></span> <span class='ocrx_word' id='word_1_62' title='bbox 1041 1755 1121 1835; x_wconf 79' lang='grc' dir='ltr'><em>λάχῃ</em></span> <span class='ocrx_word' id='word_1_63' title='bbox 1145 1753 1273 1826; x_wconf 78' lang='grc' dir='ltr'><strong><em>διαίτας,</em></strong></span> <span class='ocrx_word' id='word_1_64' title='bbox 1298 1754 1350 1816; x_wconf 77' lang='grc' dir='ltr'>ἐκ·</span> 
     </span>
     <span class='ocr_line' id='line_1_11' title="bbox 111 1841 1350 1928; baseline -0.002 -22"><span class='ocrx_word' id='word_1_65' title='bbox 111 1843 251 1911; x_wconf 72' lang='grc' dir='ltr'><em>διαιτᾶν.</em></span> <span class='ocrx_word' id='word_1_66' title='bbox 283 1841 378 1924; x_wconf 80' lang='grc' dir='ltr'><em>ὁγὰρ</em></span> <span class='ocrx_word' id='word_1_67' title='bbox 394 1843 504 1923; x_wconf 81' lang='grc' dir='ltr'><em>νόμος,</em></span> <span class='ocrx_word' id='word_1_68' title='bbox 529 1845 569 1906; x_wconf 81' lang='grc' dir='ltr'>ἄν</span> <span class='ocrx_word' id='word_1_69' title='bbox 583 1868 629 1914; x_wconf 84' lang='grc' dir='ltr'>τις</span> <span class='ocrx_word' id='word_1_70' title='bbox 651 1846 699 1927; x_wconf 86' lang='grc' dir='ltr'>μὴ</span> <span class='ocrx_word' id='word_1_71' title='bbox 714 1845 839 1928; x_wconf 84' lang='grc' dir='ltr'><em>γένηται</em></span> <span class='ocrx_word' id='word_1_72' title='bbox 862 1843 1022 1928; x_wconf 78' lang='grc' dir='ltr'><em>διαιτητὴς</em></span> <span class='ocrx_word' id='word_1_73' title='bbox 1043 1851 1098 1926; x_wconf 84' lang='grc' dir='ltr'>τῆς</span> <span class='ocrx_word' id='word_1_74' title='bbox 1113 1843 1236 1927; x_wconf 77' lang='grc' dir='ltr'><em>ἡλικίας</em></span> <span class='ocrx_word' id='word_1_75' title='bbox 1260 1843 1350 1924; x_wconf 73' lang='grc' dir='ltr'><em>αύτῷ</em></span> 
     </span>
     <span class='ocr_line' id='line_1_12' title="bbox 113 1931 1350 2016; baseline 0 -21"><span class='ocrx_word' id='word_1_76' title='bbox 113 1933 340 2016; x_wconf 70' lang='grc' dir='ltr'><em>καθηκούσης,</em></span> <span class='ocrx_word' id='word_1_77' title='bbox 365 1932 478 2014; x_wconf 78' lang='grc' dir='ltr'><em>ἄτιμον</em></span> <span class='ocrx_word' id='word_1_78' title='bbox 494 1933 571 1996; x_wconf 82' lang='grc' dir='ltr'><em>εἶναι</em></span> <span class='ocrx_word' id='word_1_79' title='bbox 587 1934 714 2010; x_wconf 80' lang='grc' dir='ltr'><em>κελεύει,</em></span> <span class='ocrx_word' id='word_1_80' title='bbox 740 1934 823 2016; x_wconf 78' lang='grc' dir='ltr'><em>πλὴν</em></span> <span class='ocrx_word' id='word_1_81' title='bbox 847 1933 903 1996; x_wconf 84' lang='grc' dir='ltr'><em>ε’ὰν</em></span> <span class='ocrx_word' id='word_1_82' title='bbox 926 1936 1004 2014; x_wconf 84' lang='grc' dir='ltr'><em>τύχῃ</em></span> <span class='ocrx_word' id='word_1_83' title='bbox 1030 1933 1259 2015; x_wconf 78' lang='grc' dir='ltr'><em>ἀρχὴνᾶρχαιν</em></span> <span class='ocrx_word' id='word_1_84' title='bbox 1282 1931 1350 1995; x_wconf 83' lang='grc' dir='ltr'><em>τινὰ</em></span> 
     </span>
     <span class='ocr_line' id='line_1_13' title="bbox 113 2016 1274 2107; baseline -0.002 -23"><span class='ocrx_word' id='word_1_85' title='bbox 113 2022 155 2084; x_wconf 77' lang='grc' dir='ltr'>ἐν</span> <span class='ocrx_word' id='word_1_86' title='bbox 177 2016 290 2102; x_wconf 77' lang='grc' dir='ltr'><em>ἐκείνῳ</em></span> <span class='ocrx_word' id='word_1_87' title='bbox 313 2023 362 2102; x_wconf 75' lang='grc' dir='ltr'>τῷ</span> <span class='ocrx_word' id='word_1_88' title='bbox 384 2016 520 2102; x_wconf 75' lang='grc' dir='ltr'><em>ἐνιαυτῷ</em></span> <span class='ocrx_word' id='word_1_89' title='bbox 544 2025 564 2104; x_wconf 82' lang='grc' dir='ltr'><strong><em>ἢ</em></strong></span> <span class='ocrx_word' id='word_1_90' title='bbox 589 2023 782 2107; x_wconf 79' lang='grc' dir='ltr'><em>ἀποδημῶν.</em></span> <span class='ocrx_word' id='word_1_91' title='bbox 808 2019 896 2086; x_wconf 84' lang='grc' dir='ltr'><em>οὗτοι</em></span> <span class='ocrx_word' id='word_1_92' title='bbox 918 2021 1066 2091; x_wconf 77' lang='grc' dir='ltr'><em>δ’ᾰτελεῒς</em></span> <span class='ocrx_word' id='word_1_93' title='bbox 1088 2021 1144 2084; x_wconf 82' lang='grc' dir='ltr'><em>εἶσὶ</em></span> <span class='ocrx_word' id='word_1_94' title='bbox 1167 2021 1274 2102; x_wconf 81' lang='grc' dir='ltr'><em>μόνοι.</em></span> 
     </span>
    </p>

    <p class='ocr_par' dir='ltr' id='par_1_7' title="bbox 112 2109 1351 2724">
     <span class='ocr_line' id='line_1_14' title="bbox 165 2109 1349 2192; baseline -0.003 -18"><span class='ocrx_word' id='word_1_95' title='bbox 165 2109 290 2192; x_wconf 88' lang='lat' dir='ltr'>Capitis</span> <span class='ocrx_word' id='word_1_96' title='bbox 312 2109 410 2192; x_wconf 86' lang='lat' dir='ltr'>igitur</span> <span class='ocrx_word' id='word_1_97' title='bbox 432 2109 610 2174; x_wconf 85' lang='lat' dir='ltr'>deminutio</span> <span class='ocrx_word' id='word_1_98' title='bbox 635 2113 663 2174; x_wconf 88' lang='lat' dir='ltr'>ei</span> <span class='ocrx_word' id='word_1_99' title='bbox 680 2111 863 2192; x_wconf 91' lang='lat' dir='ltr'>impendet,</span> <span class='ocrx_word' id='word_1_100' title='bbox 885 2113 939 2192; x_wconf 92' lang='lat' dir='ltr'>qui</span> <span class='ocrx_word' id='word_1_101' title='bbox 963 2130 1097 2173; x_wconf 88' lang='lat' dir='ltr'>causam</span> <span class='ocrx_word' id='word_1_102' title='bbox 1121 2118 1209 2172; x_wconf 86' lang='lat' dir='ltr'>sorte</span> <span class='ocrx_word' id='word_1_103' title='bbox 1233 2129 1349 2192; x_wconf 89' lang='lat' dir='ltr'>accep-</span> 
     </span>
     <span class='ocr_line' id='line_1_15' title="bbox 115 2197 1350 2281; baseline -0.001 -19"><span class='ocrx_word' id='word_1_104' title='bbox 115 2209 187 2262; x_wconf 91' lang='lat' dir='ltr'>tam</span> <span class='ocrx_word' id='word_1_105' title='bbox 220 2199 397 2262; x_wconf 87' lang='lat' dir='ltr'>diiudicare</span> <span class='ocrx_word' id='word_1_106' title='bbox 427 2208 566 2264; x_wconf 87' lang='lat' dir='ltr'>recusat.</span> <span class='ocrx_word' id='word_1_107' title='bbox 615 2199 705 2280; x_wconf 80' lang='lat' dir='ltr'>Quid</span> <span class='ocrx_word' id='word_1_108' title='bbox 735 2210 844 2263; x_wconf 90' lang='lat' dir='ltr'>autem</span> <span class='ocrx_word' id='word_1_109' title='bbox 876 2200 949 2281; x_wconf 85' lang='lat' dir='ltr'>lege</span> <span class='ocrx_word' id='word_1_110' title='bbox 981 2201 1024 2262; x_wconf 93' lang='lat' dir='ltr'>ab</span> <span class='ocrx_word' id='word_1_111' title='bbox 1048 2198 1226 2261; x_wconf 87' lang='lat' dir='ltr'>Aristotele</span> <span class='ocrx_word' id='word_1_112' title='bbox 1252 2197 1350 2261; x_wconf 90' lang='lat' dir='ltr'>allata</span> 
     </span>
     <span class='ocr_line' id='line_1_16' title="bbox 112 2287 1350 2370; baseline 0 -20"><span class='ocrx_word' id='word_1_113' title='bbox 112 2287 266 2352; x_wconf 79' lang='lat' dir='ltr'>iubetur?</span> <span class='ocrx_word' id='word_1_114' title='bbox 289 2287 372 2350; x_wconf 91' lang='lat' dir='ltr'>Eum</span> <span class='ocrx_word' id='word_1_115' title='bbox 389 2288 496 2368; x_wconf 90' lang='lat' dir='ltr'>capite</span> <span class='ocrx_word' id='word_1_116' title='bbox 513 2289 664 2364; x_wconf 87' lang='lat' dir='ltr'>deminui,</span> <span class='ocrx_word' id='word_1_117' title='bbox 691 2291 744 2370; x_wconf 92' lang='lat' dir='ltr'>qui</span> <span class='ocrx_word' id='word_1_118' title='bbox 760 2297 902 2352; x_wconf 87' lang='lat' dir='ltr'>aetatem</span> <span class='ocrx_word' id='word_1_119' title='bbox 918 2290 1154 2370; x_wconf 88' lang='lat' dir='ltr'>praescriptam</span> <span class='ocrx_word' id='word_1_120' title='bbox 1181 2297 1350 2350; x_wconf 86' lang='lat' dir='ltr'>assecutus</span> 
     </span>
     <span class='ocr_line' id='line_1_17' title="bbox 115 2375 1350 2463; baseline -0.001 -23"><span class='ocrx_word' id='word_1_121' title='bbox 115 2376 239 2440; x_wconf 90' lang='lat' dir='ltr'>arbiter</span> <span class='ocrx_word' id='word_1_122' title='bbox 254 2396 321 2438; x_wconf 92' lang='lat' dir='ltr'>non</span> <span class='ocrx_word' id='word_1_123' title='bbox 333 2375 399 2444; x_wconf 86' lang='lat' dir='ltr'>fiat.</span> <span class='ocrx_word' id='word_1_124' title='bbox 416 2377 507 2458; x_wconf 86' lang='lat' dir='ltr'>Ergo</span> <span class='ocrx_word' id='word_1_125' title='bbox 524 2378 678 2463; x_wconf 81' lang='lat' dir='ltr'>arbitrum</span> <span class='ocrx_word' id='word_1_126' title='bbox 691 2379 760 2441; x_wconf 89' lang='lat' dir='ltr'>fieri</span> <span class='ocrx_word' id='word_1_127' title='bbox 777 2387 811 2442; x_wconf 93' lang='lat' dir='ltr'>et</span> <span class='ocrx_word' id='word_1_128' title='bbox 827 2398 959 2440; x_wconf 90' lang='lat' dir='ltr'>causam</span> <span class='ocrx_word' id='word_1_129' title='bbox 976 2377 1184 2441; x_wconf 90' lang='lat' dir='ltr'>iudicandum</span> <span class='ocrx_word' id='word_1_130' title='bbox 1201 2377 1350 2456; x_wconf 90' lang='lat' dir='ltr'>accipere</span> 
     </span>
     <span class='ocr_line' id='line_1_18' title="bbox 112 2465 1351 2545; baseline -0.002 -17"><span class='ocrx_word' id='word_1_131' title='bbox 112 2467 206 2530; x_wconf 85' lang='lat' dir='ltr'>idem</span> <span class='ocrx_word' id='word_1_132' title='bbox 230 2465 325 2540; x_wconf 85' lang='lat' dir='ltr'>valet,</span> <span class='ocrx_word' id='word_1_133' title='bbox 358 2473 391 2527; x_wconf 89' lang='lat' dir='ltr'>et</span> <span class='ocrx_word' id='word_1_134' title='bbox 418 2465 448 2527; x_wconf 89' lang='lat' dir='ltr'>is</span> <span class='ocrx_word' id='word_1_135' title='bbox 480 2466 614 2529; x_wconf 91' lang='lat' dir='ltr'>demum</span> <span class='ocrx_word' id='word_1_136' title='bbox 646 2487 681 2531; x_wconf 89' lang='lat' dir='ltr'>re</span> <span class='ocrx_word' id='word_1_137' title='bbox 713 2487 791 2529; x_wconf 90' lang='lat' dir='ltr'>vera</span> <span class='ocrx_word' id='word_1_138' title='bbox 821 2467 941 2530; x_wconf 90' lang='lat' dir='ltr'>arbiter</span> <span class='ocrx_word' id='word_1_139' title='bbox 970 2466 1015 2542; x_wconf 90' lang='lat' dir='ltr'>fit,</span> <span class='ocrx_word' id='word_1_140' title='bbox 1048 2466 1098 2528; x_wconf 93' lang='lat' dir='ltr'>cui</span> <span class='ocrx_word' id='word_1_141' title='bbox 1122 2465 1228 2545; x_wconf 91' lang='lat' dir='ltr'>aliqua</span> <span class='ocrx_word' id='word_1_142' title='bbox 1252 2485 1351 2538; x_wconf 85' lang='lat' dir='ltr'>causa</span> 
     </span>
     <span class='ocr_line' id='line_1_19' title="bbox 119 2553 1350 2638; baseline -0.001 -20"><span class='ocrx_word' id='word_1_143' title='bbox 119 2565 209 2618; x_wconf 89' lang='lat' dir='ltr'>sorte</span> <span class='ocrx_word' id='word_1_144' title='bbox 237 2555 419 2617; x_wconf 90' lang='lat' dir='ltr'>mandatur.</span> <span class='ocrx_word' id='word_1_145' title='bbox 466 2555 541 2617; x_wconf 90' lang='lat' dir='ltr'>Hoc</span> <span class='ocrx_word' id='word_1_146' title='bbox 573 2556 705 2638; x_wconf 91' lang='lat' dir='ltr'>quidem</span> <span class='ocrx_word' id='word_1_147' title='bbox 737 2575 780 2618; x_wconf 87' lang='lat' dir='ltr'>ex</span> <span class='ocrx_word' id='word_1_148' title='bbox 812 2555 1000 2620; x_wconf 82' lang='lat' dir='ltr'>Aristotelis</span> <span class='ocrx_word' id='word_1_149' title='bbox 1022 2555 1130 2617; x_wconf 89' lang='lat' dir='ltr'>verbis</span> <span class='ocrx_word' id='word_1_150' title='bbox 1162 2553 1350 2617; x_wconf 90' lang='lat' dir='ltr'>luculentis-</span> 
     </span>
     <span class='ocr_line' id='line_1_20' title="bbox 118 2645 374 2724; baseline 0 -18"><span class='ocrx_word' id='word_1_151' title='bbox 118 2645 203 2706; x_wconf 89' lang='lat' dir='ltr'>sime</span> <span class='ocrx_word' id='word_1_152' title='bbox 226 2653 374 2724; x_wconf 90' lang='lat' dir='ltr'>apparet.</span> 
     </span>
    </p>

    <p class='ocr_par' dir='ltr' id='par_1_8' title="bbox 116 2731 1354 3705">
     <span class='ocr_line' id='line_1_21' title="bbox 165 2731 1349 2814; baseline -0.002 -20"><span class='ocrx_word' id='word_1_153' title='bbox 165 2733 258 2814; x_wconf 86' lang='lat' dir='ltr'>Quae</span> <span class='ocrx_word' id='word_1_154' title='bbox 282 2752 361 2795; x_wconf 88' lang='lat' dir='ltr'>vero</span> <span class='ocrx_word' id='word_1_155' title='bbox 385 2731 583 2796; x_wconf 85' lang='lat' dir='ltr'>Aristoteles</span> <span class='ocrx_word' id='word_1_156' title='bbox 606 2733 671 2796; x_wconf 92' lang='lat' dir='ltr'>hoc</span> <span class='ocrx_word' id='word_1_157' title='bbox 694 2733 770 2795; x_wconf 93' lang='lat' dir='ltr'>loco</span> <span class='ocrx_word' id='word_1_158' title='bbox 795 2734 905 2812; x_wconf 89' lang='lat' dir='ltr'>docet,</span> <span class='ocrx_word' id='word_1_159' title='bbox 933 2733 1050 2796; x_wconf 89' lang='lat' dir='ltr'>eadem</span> <span class='ocrx_word' id='word_1_160' title='bbox 1074 2731 1162 2812; x_wconf 92' lang='lat' dir='ltr'>apud</span> <span class='ocrx_word' id='word_1_161' title='bbox 1185 2731 1349 2794; x_wconf 90' lang='lat' dir='ltr'>Pollucem</span> 
     </span>
     <span class='ocr_line' id='line_1_22' title="bbox 116 2819 1350 2905; baseline -0.001 -21"><span class='ocrx_word' id='word_1_162' title='bbox 116 2819 215 2898; x_wconf 75' lang='lat' dir='ltr'>(VIII.</span> <span class='ocrx_word' id='word_1_163' title='bbox 245 2820 318 2902; x_wconf 79' lang='lat'>126)</span> <span class='ocrx_word' id='word_1_164' title='bbox 342 2820 495 2902; x_wconf 88' lang='lat' dir='ltr'>legimus:</span> <span class='ocrx_word' id='word_1_165' title='bbox 532 2823 586 2885; x_wconf 84' lang='grc' dir='ltr'><em>καί</em></span> <span class='ocrx_word' id='word_1_166' title='bbox 618 2823 725 2905; x_wconf 83' lang='grc' dir='ltr'><em>ἀτιμία</em></span> <span class='ocrx_word' id='word_1_167' title='bbox 750 2823 917 2904; x_wconf 82' lang='grc' dir='ltr'><em>ἀφώριστο</em></span> <span class='ocrx_word' id='word_1_168' title='bbox 939 2826 987 2902; x_wconf 78' lang='grc' dir='ltr'>τῷ</span> <span class='ocrx_word' id='word_1_169' title='bbox 1009 2823 1055 2904; x_wconf 83' lang='grc' dir='ltr'>μὴ</span> <span class='ocrx_word' id='word_1_170' title='bbox 1080 2821 1271 2904; x_wconf 81' lang='grc' dir='ltr'><em>διαιτήσαντι</em></span> <span class='ocrx_word' id='word_1_171' title='bbox 1293 2822 1350 2903; x_wconf 81' lang='grc' dir='ltr'>τὴν</span> 
     </span>
     <span class='ocr_line' id='line_1_23' title="bbox 118 2907 1349 2994; baseline -0.003 -20"><span class='ocrx_word' id='word_1_172' title='bbox 118 2907 398 2994; x_wconf 70' lang='grc' dir='ltr'><em>ἓπικληραιύεῖσαν</em></span> <span class='ocrx_word' id='word_1_173' title='bbox 422 2910 551 2973; x_wconf 80' lang='grc' dir='ltr'><em>δίαιταν.</em></span> <span class='ocrx_word' id='word_1_174' title='bbox 578 2909 646 2975; x_wconf 86' lang='lat' dir='ltr'>Sed</span> <span class='ocrx_word' id='word_1_175' title='bbox 669 2907 808 2974; x_wconf 90' lang='lat' dir='ltr'>Pollucis</span> <span class='ocrx_word' id='word_1_176' title='bbox 826 2911 926 2974; x_wconf 89' lang='lat' dir='ltr'>verba</span> <span class='ocrx_word' id='word_1_177' title='bbox 950 2910 1049 2973; x_wconf 90' lang='lat' dir='ltr'>fidem</span> <span class='ocrx_word' id='word_1_178' title='bbox 1066 2931 1132 2972; x_wconf 94' lang='lat' dir='ltr'>non</span> <span class='ocrx_word' id='word_1_179' title='bbox 1148 2911 1349 2987; x_wconf 86' lang='lat' dir='ltr'>invenerunt,</span> 
     </span>
     <span class='ocr_line' id='line_1_24' title="bbox 116 2998 1350 3082; baseline -0.001 -20"><span class='ocrx_word' id='word_1_180' title='bbox 116 3021 195 3062; x_wconf 82' lang='lat' dir='ltr'>cum</span> <span class='ocrx_word' id='word_1_181' title='bbox 219 2999 278 3062; x_wconf 92' lang='lat' dir='ltr'>viri</span> <span class='ocrx_word' id='word_1_182' title='bbox 304 3000 393 3062; x_wconf 91' lang='lat' dir='ltr'>docti</span> <span class='ocrx_word' id='word_1_183' title='bbox 416 2998 523 3061; x_wconf 90' lang='lat' dir='ltr'>locum</span> <span class='ocrx_word' id='word_1_184' title='bbox 546 3009 739 3080; x_wconf 87' lang='lat' dir='ltr'>corruptum</span> <span class='ocrx_word' id='word_1_185' title='bbox 771 3001 911 3082; x_wconf 88' lang='lat' dir='ltr'>ideoque</span> <span class='ocrx_word' id='word_1_186' title='bbox 935 3000 1163 3081; x_wconf 83' lang='lat' dir='ltr'>corrigendum</span> <span class='ocrx_word' id='word_1_187' title='bbox 1187 3007 1350 3079; x_wconf 90' lang='lat' dir='ltr'>putarent.</span> 
     </span>
     <span class='ocr_line' id='line_1_25' title="bbox 121 3087 1351 3170; baseline -0.002 -18"><span class='ocrx_word' id='word_1_188' title='bbox 121 3091 207 3153; x_wconf 93' lang='lat' dir='ltr'>Nam</span> <span class='ocrx_word' id='word_1_189' title='bbox 232 3089 348 3150; x_wconf 88' lang='lat' dir='ltr'>ceteris</span> <span class='ocrx_word' id='word_1_190' title='bbox 372 3091 658 3168; x_wconf 84' lang='lat' dir='ltr'>grammaticorum</span> <span class='ocrx_word' id='word_1_191' title='bbox 690 3089 770 3151; x_wconf 91' lang='lat' dir='ltr'>locis</span> <span class='ocrx_word' id='word_1_192' title='bbox 794 3089 993 3170; x_wconf 91' lang='lat' dir='ltr'>comparatis</span> <span class='ocrx_word' id='word_1_193' title='bbox 1017 3088 1153 3150; x_wconf 88' lang='lat' dir='ltr'>Pollucis</span> <span class='ocrx_word' id='word_1_194' title='bbox 1184 3087 1285 3150; x_wconf 89' lang='lat' dir='ltr'>verba</span> <span class='ocrx_word' id='word_1_195' title='bbox 1308 3088 1351 3149; x_wconf 93' lang='lat' dir='ltr'>ad</span> 
     </span>
     <span class='ocr_line' id='line_1_26' title="bbox 118 3175 1353 3261; baseline 0 -21"><span class='ocrx_word' id='word_1_196' title='bbox 118 3179 256 3241; x_wconf 89' lang='lat' dir='ltr'>alteram</span> <span class='ocrx_word' id='word_1_197' title='bbox 280 3176 365 3240; x_wconf 92' lang='lat' dir='ltr'>illam</span> <span class='ocrx_word' id='word_1_198' title='bbox 383 3177 507 3259; x_wconf 81' lang='grc' dir='ltr'><em>ἀτιμίαν</em></span> <span class='ocrx_word' id='word_1_199' title='bbox 523 3179 625 3241; x_wconf 90' lang='lat' dir='ltr'>relata</span> <span class='ocrx_word' id='word_1_200' title='bbox 648 3187 733 3252; x_wconf 86' lang='lat' dir='ltr'>sunt,</span> <span class='ocrx_word' id='word_1_201' title='bbox 759 3199 852 3261; x_wconf 90' lang='lat' dir='ltr'>quae,</span> <span class='ocrx_word' id='word_1_202' title='bbox 877 3179 903 3239; x_wconf 92' lang='lat' dir='ltr'>si</span> <span class='ocrx_word' id='word_1_203' title='bbox 928 3179 999 3259; x_wconf 89' lang='lat' dir='ltr'>quis</span> <span class='ocrx_word' id='word_1_204' title='bbox 1023 3177 1133 3239; x_wconf 90' lang='lat' dir='ltr'>arbitri</span> <span class='ocrx_word' id='word_1_205' title='bbox 1156 3177 1270 3238; x_wconf 80' lang='lat' dir='ltr'>ollicia&#39;</span> <span class='ocrx_word' id='word_1_206' title='bbox 1286 3175 1353 3240; x_wconf 87' lang='lat' dir='ltr'>lae·</span> 
     </span>
     <span class='ocr_line' id='line_1_27' title="bbox 122 3265 1352 3348; baseline -0.004 -18"><span class='ocrx_word' id='word_1_207' title='bbox 122 3276 221 3344; x_wconf 89' lang='lat' dir='ltr'>serat,</span> <span class='ocrx_word' id='word_1_208' title='bbox 246 3266 419 3347; x_wconf 81' lang='grc' dir='ltr'><em>εἰσαγγελίᾳ</em></span> <span class='ocrx_word' id='word_1_209' title='bbox 441 3266 653 3346; x_wconf 83' lang='lat' dir='ltr'>irrogabatur.</span> <span class='ocrx_word' id='word_1_210' title='bbox 701 3267 773 3329; x_wconf 87' lang='lat' dir='ltr'>Nec</span> <span class='ocrx_word' id='word_1_211' title='bbox 791 3267 921 3348; x_wconf 85' lang='lat' dir='ltr'>species</span> <span class='ocrx_word' id='word_1_212' title='bbox 938 3267 1099 3348; x_wconf 90' lang='lat' dir='ltr'>quaedam</span> <span class='ocrx_word' id='word_1_213' title='bbox 1116 3265 1352 3347; x_wconf 87' lang='lat' dir='ltr'>probabilitatis</span> 
     </span>
     <span class='ocr_line' id='line_1_28' title="bbox 122 3351 1352 3437; baseline -0.002 -19"><span class='ocrx_word' id='word_1_214' title='bbox 122 3357 331 3420; x_wconf 89' lang='lat' dir='ltr'>coniecturae</span> <span class='ocrx_word' id='word_1_215' title='bbox 354 3355 467 3416; x_wconf 89' lang='lat' dir='ltr'>Meieri</span> <span class='ocrx_word' id='word_1_216' title='bbox 494 3354 604 3433; x_wconf 85' lang='lat' dir='ltr'>defuit,</span> <span class='ocrx_word' id='word_1_217' title='bbox 630 3356 683 3437; x_wconf 89' lang='lat' dir='ltr'>qui</span> <span class='ocrx_word' id='word_1_218' title='bbox 707 3357 816 3426; x_wconf 81' lang='grc' dir='ltr'><em>καλῶς</em></span> <span class='ocrx_word' id='word_1_219' title='bbox 839 3357 893 3419; x_wconf 88' lang='grc' dir='ltr'><em>καὶ</em></span> <span class='ocrx_word' id='word_1_220' title='bbox 917 3351 1050 3424; x_wconf 79' lang='grc' dir='ltr'><em>δικαίως</em></span> <span class='ocrx_word' id='word_1_221' title='bbox 1073 3355 1246 3435; x_wconf 83' lang='lat' dir='ltr'>supplevit,</span> <span class='ocrx_word' id='word_1_222' title='bbox 1287 3355 1352 3416; x_wconf 92' lang='lat' dir='ltr'>Hu-</span> 
     </span>
     <span class='ocr_line' id='line_1_29' title="bbox 119 3441 1352 3530; baseline -0.003 -22"><span class='ocrx_word' id='word_1_223' title='bbox 119 3447 196 3508; x_wconf 89' lang='lat' dir='ltr'>bert</span> <span class='ocrx_word' id='word_1_224' title='bbox 230 3442 273 3530; x_wconf 79' lang='grc' dir='ltr'>(ρ.</span> <span class='ocrx_word' id='word_1_225' title='bbox 299 3441 353 3527; x_wconf 72' lang='lat'>54)</span> <span class='ocrx_word' id='word_1_226' title='bbox 388 3452 421 3505; x_wconf 91' lang='lat' dir='ltr'>et</span> <span class='ocrx_word' id='word_1_227' title='bbox 455 3443 612 3528; x_wconf 59' lang='lat' dir='ltr'>Lipsiusss)</span> <span class='ocrx_word' id='word_1_228' title='bbox 643 3465 717 3508; x_wconf 89' lang='lat' dir='ltr'>eum</span> <span class='ocrx_word' id='word_1_229' title='bbox 750 3447 853 3508; x_wconf 90' lang='lat' dir='ltr'>secuti</span> <span class='ocrx_word' id='word_1_230' title='bbox 877 3453 960 3514; x_wconf 81' lang='lat' dir='ltr'>sunt.</span> <span class='ocrx_word' id='word_1_231' title='bbox 1008 3442 1133 3507; x_wconf 88' lang='lat' dir='ltr'>Omnes</span> <span class='ocrx_word' id='word_1_232' title='bbox 1157 3451 1352 3506; x_wconf 87' lang='lat' dir='ltr'>erraverunt.</span> 
     </span>
     <span class='ocr_line' id='line_1_30' title="bbox 122 3531 1354 3615; baseline -0.005 -17"><span class='ocrx_word' id='word_1_233' title='bbox 122 3534 263 3598; x_wconf 89' lang='lat' dir='ltr'>Pollucis</span> <span class='ocrx_word' id='word_1_234' title='bbox 287 3534 372 3594; x_wconf 90' lang='lat' dir='ltr'>enim</span> <span class='ocrx_word' id='word_1_235' title='bbox 396 3533 497 3595; x_wconf 91' lang='lat' dir='ltr'>verba</span> <span class='ocrx_word' id='word_1_236' title='bbox 520 3554 586 3595; x_wconf 90' lang='lat' dir='ltr'>non</span> <span class='ocrx_word' id='word_1_237' title='bbox 610 3533 652 3595; x_wconf 92' lang='lat' dir='ltr'>ad</span> <span class='ocrx_word' id='word_1_238' title='bbox 676 3535 866 3615; x_wconf 76' lang='grc' dir='ltr'><em>εἰσαγγελίαν</em></span> <span class='ocrx_word' id='word_1_239' title='bbox 890 3535 1047 3596; x_wconf 90' lang='lat' dir='ltr'>adversus</span> <span class='ocrx_word' id='word_1_240' title='bbox 1081 3532 1250 3614; x_wconf 91' lang='lat' dir='ltr'>improbos</span> <span class='ocrx_word' id='word_1_241' title='bbox 1274 3531 1354 3593; x_wconf 92' lang='lat' dir='ltr'>arbi·</span> 
     </span>
     <span class='ocr_line' id='line_1_31' title="bbox 121 3620 1354 3705; baseline -0.002 -19"><span class='ocrx_word' id='word_1_242' title='bbox 121 3634 193 3686; x_wconf 92' lang='lat' dir='ltr'>tros</span> <span class='ocrx_word' id='word_1_243' title='bbox 216 3621 398 3684; x_wconf 91' lang='lat' dir='ltr'>adhibitam</span> <span class='ocrx_word' id='word_1_244' title='bbox 422 3623 594 3702; x_wconf 85' lang='lat' dir='ltr'>pertinent,</span> <span class='ocrx_word' id='word_1_245' title='bbox 619 3622 679 3685; x_wconf 90' lang='lat' dir='ltr'>sed</span> <span class='ocrx_word' id='word_1_246' title='bbox 702 3624 745 3684; x_wconf 91' lang='lat' dir='ltr'>ad</span> <span class='ocrx_word' id='word_1_247' title='bbox 769 3643 843 3686; x_wconf 93' lang='lat' dir='ltr'>eam</span> <span class='ocrx_word' id='word_1_248' title='bbox 867 3643 1018 3703; x_wconf 86' lang='lat' dir='ltr'>poenam,</span> <span class='ocrx_word' id='word_1_249' title='bbox 1045 3641 1129 3705; x_wconf 90' lang='lat' dir='ltr'>quae</span> <span class='ocrx_word' id='word_1_250' title='bbox 1144 3620 1265 3683; x_wconf 92' lang='lat' dir='ltr'>arbitro</span> <span class='ocrx_word' id='word_1_251' title='bbox 1282 3640 1354 3683; x_wconf 89' lang='lat' dir='ltr'>cau·</span> 
     </span>
    </p>
   </div>
   <div class='ocr_carea' id='block_1_6' title="bbox 120 3707 1354 3797">
    <p class='ocr_par' dir='ltr' id='par_1_9' title="bbox 120 3707 1354 3797">
     <span class='ocr_line' id='line_1_32' title="bbox 120 3707 1354 3797; baseline -0.002 -23"><span class='ocrx_word' id='word_1_252' title='bbox 120 3733 194 3774; x_wconf 89' lang='lat' dir='ltr'>sam</span> <span class='ocrx_word' id='word_1_253' title='bbox 219 3711 386 3790; x_wconf 89' lang='lat' dir='ltr'>suscipere</span> <span class='ocrx_word' id='word_1_254' title='bbox 409 3712 571 3774; x_wconf 83' lang='lat' dir='ltr'>recusanti</span> <span class='ocrx_word' id='word_1_255' title='bbox 587 3711 834 3797; x_wconf 82' lang='lat' dir='ltr'>impendebat³).</span> <span class='ocrx_word' id='word_1_256' title='bbox 860 3714 931 3776; x_wconf 86' lang='lat' dir='ltr'>Nec</span> <span class='ocrx_word' id='word_1_257' title='bbox 949 3711 1027 3774; x_wconf 95' lang='lat' dir='ltr'>mihi</span> <span class='ocrx_word' id='word_1_258' title='bbox 1044 3731 1151 3772; x_wconf 87' lang='lat' dir='ltr'>cares</span> <span class='ocrx_word' id='word_1_259' title='bbox 1174 3720 1241 3771; x_wconf 91' lang='lat' dir='ltr'>tam</span> <span class='ocrx_word' id='word_1_260' title='bbox 1265 3707 1354 3771; x_wconf 83' lang='lat' dir='ltr'>iabu-</span> 
     </span>
    </p>
   </div>
   <div class='ocr_carea' id='block_1_7' title="bbox 119 3797 1356 4327">
    <p class='ocr_par' dir='ltr' id='par_1_10' title="bbox 119 3797 1356 4327">
     <span class='ocr_line' id='line_1_33' title="bbox 122 3797 1353 3886; baseline -0.004 -22"><span class='ocrx_word' id='word_1_261' title='bbox 122 3803 196 3864; x_wconf 90' lang='lat' dir='ltr'>losa</span> <span class='ocrx_word' id='word_1_262' title='bbox 218 3799 358 3876; x_wconf 93' lang='lat' dir='ltr'>videtur,</span> <span class='ocrx_word' id='word_1_263' title='bbox 383 3820 480 3880; x_wconf 92' lang='lat' dir='ltr'>quam</span> <span class='ocrx_word' id='word_1_264' title='bbox 494 3801 619 3862; x_wconf 87' lang='lat' dir='ltr'>Meiero</span> <span class='ocrx_word' id='word_1_265' title='bbox 645 3799 690 3884; x_wconf 91' lang='lat' dir='ltr'>(p.</span> <span class='ocrx_word' id='word_1_266' title='bbox 713 3797 772 3886; x_wconf 77' lang='lat'>15).</span> <span class='ocrx_word' id='word_1_267' title='bbox 799 3801 889 3882; x_wconf 80' lang='lat' dir='ltr'>Quid</span> <span class='ocrx_word' id='word_1_268' title='bbox 905 3803 990 3863; x_wconf 90' lang='lat' dir='ltr'>enim</span> <span class='ocrx_word' id='word_1_269' title='bbox 1007 3797 1129 3863; x_wconf 84' lang='lat' dir='ltr'>facilius</span> <span class='ocrx_word' id='word_1_270' title='bbox 1153 3808 1231 3876; x_wconf 91' lang='lat' dir='ltr'>erat,</span> <span class='ocrx_word' id='word_1_271' title='bbox 1256 3818 1353 3879; x_wconf 91' lang='lat' dir='ltr'>quam</span> 
     </span>
     <span class='ocr_line' id='line_1_34' title="bbox 123 3888 1355 3970; baseline -0.003 -18"><span class='ocrx_word' id='word_1_272' title='bbox 123 3910 199 3952; x_wconf 90' lang='lat' dir='ltr'>eam</span> <span class='ocrx_word' id='word_1_273' title='bbox 223 3908 365 3970; x_wconf 91' lang='lat' dir='ltr'>poenam</span> <span class='ocrx_word' id='word_1_274' title='bbox 395 3889 634 3951; x_wconf 89' lang='lat' dir='ltr'>atrocissimam</span> <span class='ocrx_word' id='word_1_275' title='bbox 666 3889 811 3952; x_wconf 76' lang='lat' dir='ltr'>evitare?</span> <span class='ocrx_word' id='word_1_276' title='bbox 844 3890 983 3954; x_wconf 90' lang='lat' dir='ltr'>Causam</span> <span class='ocrx_word' id='word_1_277' title='bbox 1011 3898 1099 3952; x_wconf 91' lang='lat' dir='ltr'>sorte</span> <span class='ocrx_word' id='word_1_278' title='bbox 1130 3895 1302 3968; x_wconf 90' lang='lat' dir='ltr'>acceptam</span> <span class='ocrx_word' id='word_1_279' title='bbox 1326 3888 1355 3948; x_wconf 91' lang='lat' dir='ltr'>si</span> 
     </span>
     <span class='ocr_line' id='line_1_35' title="bbox 122 3977 1355 4061; baseline -0.005 -19"><span class='ocrx_word' id='word_1_280' title='bbox 122 3981 198 4061; x_wconf 89' lang='lat' dir='ltr'>quis</span> <span class='ocrx_word' id='word_1_281' title='bbox 223 3977 377 4059; x_wconf 86' lang='lat' dir='ltr'>subierat,</span> <span class='ocrx_word' id='word_1_282' title='bbox 400 3977 482 4059; x_wconf 83' lang='lat' dir='ltr'>legis</span> <span class='ocrx_word' id='word_1_283' title='bbox 506 3980 663 4040; x_wconf 89' lang='lat' dir='ltr'>severitas</span> <span class='ocrx_word' id='word_1_284' title='bbox 688 3977 764 4040; x_wconf 87' lang='lat' dir='ltr'>nihiI</span> <span class='ocrx_word' id='word_1_285' title='bbox 787 3979 924 4047; x_wconf 83' lang='lat' dir='ltr'>valebat.</span> <span class='ocrx_word' id='word_1_286' title='bbox 948 3979 1019 4040; x_wconf 92' lang='lat' dir='ltr'>Nec</span> <span class='ocrx_word' id='word_1_287' title='bbox 1042 3997 1120 4040; x_wconf 85' lang='lat' dir='ltr'>vero</span> <span class='ocrx_word' id='word_1_288' title='bbox 1145 3996 1273 4051; x_wconf 86' lang='lat' dir='ltr'>causae,</span> <span class='ocrx_word' id='word_1_289' title='bbox 1298 3995 1355 4037; x_wconf 90' lang='lat' dir='ltr'>cur</span> 
     </span>
     <span class='ocr_line' id='line_1_36' title="bbox 124 4061 1354 4145; baseline -0.005 -15"><span class='ocrx_word' id='word_1_290' title='bbox 124 4068 178 4131; x_wconf 89' lang='lat' dir='ltr'>illa</span> <span class='ocrx_word' id='word_1_291' title='bbox 200 4068 255 4128; x_wconf 89' lang='lat' dir='ltr'>lex</span> <span class='ocrx_word' id='word_1_292' title='bbox 286 4067 351 4128; x_wconf 91' lang='lat' dir='ltr'>lata</span> <span class='ocrx_word' id='word_1_293' title='bbox 382 4067 440 4141; x_wconf 88' lang='lat' dir='ltr'>sit,</span> <span class='ocrx_word' id='word_1_294' title='bbox 473 4065 634 4128; x_wconf 87' lang='lat' dir='ltr'>obscurae</span> <span class='ocrx_word' id='word_1_295' title='bbox 658 4076 742 4130; x_wconf 92' lang='lat' dir='ltr'>sunt.</span> <span class='ocrx_word' id='word_1_296' title='bbox 789 4068 910 4130; x_wconf 87' lang='lat' dir='ltr'>Multos</span> <span class='ocrx_word' id='word_1_297' title='bbox 942 4068 1026 4129; x_wconf 91' lang='lat' dir='ltr'>enim</span> <span class='ocrx_word' id='word_1_298' title='bbox 1051 4061 1148 4128; x_wconf 87' lang='lat' dir='ltr'>fuisse</span> <span class='ocrx_word' id='word_1_299' title='bbox 1173 4064 1354 4145; x_wconf 91' lang='lat' dir='ltr'>putandum</span> 
     </span>
     <span class='ocr_line' id='line_1_37' title="bbox 119 4154 1355 4238; baseline -0.006 -18"><span class='ocrx_word' id='word_1_300' title='bbox 119 4165 186 4231; x_wconf 84' lang='lat' dir='ltr'>est,</span> <span class='ocrx_word' id='word_1_301' title='bbox 213 4156 265 4238; x_wconf 92' lang='lat' dir='ltr'>qui</span> <span class='ocrx_word' id='word_1_302' title='bbox 289 4157 358 4218; x_wconf 89' lang='lat' dir='ltr'>sive</span> <span class='ocrx_word' id='word_1_303' title='bbox 374 4155 537 4217; x_wconf 90' lang='lat' dir='ltr'>iudicandi</span> <span class='ocrx_word' id='word_1_304' title='bbox 561 4155 706 4218; x_wconf 90' lang='lat' dir='ltr'>laborem</span> <span class='ocrx_word' id='word_1_305' title='bbox 723 4157 775 4218; x_wconf 91' lang='lat' dir='ltr'>vel</span> <span class='ocrx_word' id='word_1_306' title='bbox 792 4157 982 4238; x_wconf 81' lang='grc' dir='ltr'><em>εἰσαγγελίας</em></span> <span class='ocrx_word' id='word_1_307' title='bbox 1005 4154 1184 4236; x_wconf 91' lang='lat' dir='ltr'>periculum</span> <span class='ocrx_word' id='word_1_308' title='bbox 1202 4161 1355 4232; x_wconf 87' lang='lat' dir='ltr'>artesque</span> 
     </span>
     <span class='ocr_line' id='line_1_38' title="bbox 122 4244 1356 4327; baseline -0.006 -19"><span class='ocrx_word' id='word_1_309' title='bbox 122 4246 326 4309; x_wconf 88' lang='lat' dir='ltr'>inimicorum</span> <span class='ocrx_word' id='word_1_310' title='bbox 349 4245 449 4325; x_wconf 76' lang='lat' dir='ltr'>veriti,</span> <span class='ocrx_word' id='word_1_311' title='bbox 476 4245 543 4306; x_wconf 92' lang='lat' dir='ltr'>sive</span> <span class='ocrx_word' id='word_1_312' title='bbox 566 4245 825 4327; x_wconf 90' lang='lat' dir='ltr'>propinquorum</span> <span class='ocrx_word' id='word_1_313' title='bbox 850 4247 984 4308; x_wconf 89' lang='lat' dir='ltr'>caritate</span> <span class='ocrx_word' id='word_1_314' title='bbox 1008 4245 1059 4306; x_wconf 91' lang='lat' dir='ltr'>vel</span> <span class='ocrx_word' id='word_1_315' title='bbox 1076 4244 1254 4306; x_wconf 92' lang='lat' dir='ltr'>amicorum</span> <span class='ocrx_word' id='word_1_316' title='bbox 1280 4260 1356 4304; x_wconf 92' lang='lat' dir='ltr'>cura</span> 
     </span>
    </p>
   </div>
   <div class='ocr_carea' id='block_1_8' title="bbox 127 4363 289 4371">
    <p class='ocr_par' dir='ltr' id='par_1_11' title="bbox 127 4363 289 4371">
     <span class='ocr_line' id='line_1_39' title="bbox 127 4363 289 4371; baseline -0.019 0"><span class='ocrx_word' id='word_1_317' title='bbox 127 4363 289 4371; x_wconf 75' lang='lat'><strong>——-—</strong></span> 
     </span>
    </p>
   </div>
   <div class='ocr_carea' id='block_1_9' title="bbox 122 4401 1356 4684">
    <p class='ocr_par' dir='ltr' id='par_1_12' title="bbox 122 4401 1356 4542">
     <span class='ocr_line' id='line_1_40' title="bbox 163 4401 1356 4470; baseline -0.005 -16"><span class='ocrx_word' id='word_1_318' title='bbox 163 4404 187 4470; x_wconf 85' lang='lat'>1)</span> <span class='ocrx_word' id='word_1_319' title='bbox 206 4405 321 4456; x_wconf 86' lang='lat' dir='ltr'>Vorrede</span> <span class='ocrx_word' id='word_1_320' title='bbox 334 4421 389 4455; x_wconf 90' lang='lat' dir='ltr'>zum</span> <span class='ocrx_word' id='word_1_321' title='bbox 402 4406 555 4469; x_wconf 87' lang='lat' dir='ltr'>Marburger</span> <span class='ocrx_word' id='word_1_322' title='bbox 567 4405 795 4470; x_wconf 87' lang='lat' dir='ltr'>Lectionskatalog</span> <span class='ocrx_word' id='word_1_323' title='bbox 811 4401 916 4470; x_wconf 72' lang='lat' dir='ltr'>1833l4,</span> <span class='ocrx_word' id='word_1_324' title='bbox 929 4421 955 4468; x_wconf 94' lang='lat' dir='ltr'>p.</span> <span class='ocrx_word' id='word_1_325' title='bbox 970 4407 994 4456; x_wconf 87' lang='lat'>5.</span> <span class='ocrx_word' id='word_1_326' title='bbox 1007 4405 1037 4456; x_wconf 88' lang='lat' dir='ltr'>C.</span> <span class='ocrx_word' id='word_1_327' title='bbox 1052 4405 1092 4455; x_wconf 87' lang='lat' dir='ltr'>Fr.</span> <span class='ocrx_word' id='word_1_328' title='bbox 1107 4405 1252 4462; x_wconf 87' lang='lat' dir='ltr'>Hermann,</span> <span class='ocrx_word' id='word_1_329' title='bbox 1272 4401 1356 4450; x_wconf 87' lang='lat' dir='ltr'>Lehr-</span> 
     </span>
     <span class='ocr_line' id='line_1_41' title="bbox 122 4475 678 4542; baseline -0.004 -13"><span class='ocrx_word' id='word_1_330' title='bbox 122 4479 194 4528; x_wconf 78' lang='lat' dir='ltr'>buch</span> <span class='ocrx_word' id='word_1_331' title='bbox 214 4480 238 4529; x_wconf 93' lang='lat' dir='ltr'>d.</span> <span class='ocrx_word' id='word_1_332' title='bbox 253 4493 290 4540; x_wconf 86' lang='lat' dir='ltr'>gr.</span> <span class='ocrx_word' id='word_1_333' title='bbox 307 4476 432 4528; x_wconf 83' lang='lat' dir='ltr'>Staatsalt.</span> <span class='ocrx_word' id='word_1_334' title='bbox 452 4475 469 4542; x_wconf 58' lang='lat' dir='ltr'>g</span> <span class='ocrx_word' id='word_1_335' title='bbox 486 4477 544 4539; x_wconf 81' lang='lat'>145,</span> <span class='ocrx_word' id='word_1_336' title='bbox 563 4478 621 4530; x_wconf 86' lang='lat' dir='ltr'>adn.</span> <span class='ocrx_word' id='word_1_337' title='bbox 636 4477 678 4527; x_wconf 83' lang='lat'>20.</span> 
     </span>
    </p>

    <p class='ocr_par' dir='ltr' id='par_1_13' title="bbox 162 4545 759 4614">
     <span class='ocr_line' id='line_1_42' title="bbox 162 4545 759 4614; baseline -0.005 -17"><span class='ocrx_word' id='word_1_338' title='bbox 162 4547 188 4614; x_wconf 80' lang='lat'>2)</span> <span class='ocrx_word' id='word_1_339' title='bbox 208 4551 240 4598; x_wconf 92' lang='lat' dir='ltr'>D.</span> <span class='ocrx_word' id='word_1_340' title='bbox 261 4555 305 4599; x_wconf 85' lang='lat' dir='ltr'>att.</span> <span class='ocrx_word' id='word_1_341' title='bbox 327 4545 455 4600; x_wconf 82' lang='lat' dir='ltr'>Process2</span> <span class='ocrx_word' id='word_1_342' title='bbox 473 4565 532 4611; x_wconf 87' lang='lat' dir='ltr'>pag.</span> <span class='ocrx_word' id='word_1_343' title='bbox 548 4549 608 4612; x_wconf 80' lang='lat'>334,</span> <span class='ocrx_word' id='word_1_344' title='bbox 626 4548 686 4597; x_wconf 87' lang='lat' dir='ltr'>adn.</span> <span class='ocrx_word' id='word_1_345' title='bbox 700 4547 759 4596; x_wconf 72' lang='lat'>384.</span> 
     </span>
    </p>

    <p class='ocr_par' dir='ltr' id='par_1_14' title="bbox 164 4617 746 4684">
     <span class='ocr_line' id='line_1_43' title="bbox 164 4617 746 4684; baseline 0.002 -16"><span class='ocrx_word' id='word_1_346' title='bbox 164 4617 189 4684; x_wconf 52' lang='grc' dir='ltr'>Β)</span> <span class='ocrx_word' id='word_1_347' title='bbox 207 4619 250 4672; x_wconf 78' lang='lat' dir='ltr'>Cf.</span> <span class='ocrx_word' id='word_1_348' title='bbox 265 4619 363 4681; x_wconf 89' lang='lat' dir='ltr'>Busolt,</span> <span class='ocrx_word' id='word_1_349' title='bbox 381 4620 479 4684; x_wconf 79' lang='lat' dir='ltr'>p.2ll.</span> <span class='ocrx_word' id='word_1_350' title='bbox 500 4620 627 4668; x_wconf 87' lang='lat' dir='ltr'>Thumser</span> <span class='ocrx_word' id='word_1_351' title='bbox 645 4635 671 4682; x_wconf 92' lang='lat' dir='ltr'>p.</span> <span class='ocrx_word' id='word_1_352' title='bbox 686 4618 746 4669; x_wconf 71' lang='lat'>293.</span> 
     </span>
    </p>
   </div>
   <div class='ocr_carea' id='block_1_10' title="bbox 0 0 1648 5478">
    <p class='ocr_par' dir='ltr' id='par_1_15' title="bbox 0 0 1648 5478">
     <span class='ocr_line' id='line_1_44' title="bbox 0 0 1648 5478; baseline 0 0"><span class='ocrx_word' id='word_1_353' title='bbox 0 0 1648 5478; x_wconf 95' lang='lat' dir='ltr'> </span> 
     </span>
    </p>
   </div>
  </div>
 </body>
</html>
