3240 5478
810 581 1033 644 ..42-

304 768 434 840 tegrum
466 760 614 822 restituta
645 769 677 824 et
706 759 888 822 abeodem
922 761 1042 824 arbitro
1066 762 1221 825 instructa
1246 774 1305 844 est,
1331 765 1384 847 qui
1407 765 1466 847 τῆν
1492 765 1541 847 μῆ

306 848 406 913 οὖσαν
430 858 615 928 acceperat.

350 938 445 1020 Quae
461 939 593 1019 quidem
610 940 798 1000 coniectura
814 938 992 1018 simplicior
1007 948 1067 1014 est,
1092 960 1189 1022 quam
1206 940 1345 1005 Huberti
1370 942 1411 1004 de
1428 942 1537 1004 altero

301 1025 410 1090 libello
424 1027 627 1090 accusatorio
640 1027 801 1110 tertioque
825 1027 947 1090 arbitro
972 1029 1133 1091 sententia
1155 1025 1200 1114 (p.
1218 1029 1284 1112 49).
1308 1031 1427 1112 Neque
1451 1031 1539 1093 lsaei
1597 1029 1598 1082 Ϊ

305 1136 351 1180 or.
373 1117 410 1178 12
435 1115 454 1200 ξ
482 1117 517 1178 11
551 1125 683 1179 nostrae
714 1117 896 1178 sententiae
929 1117 1060 1179 obstare
1085 1137 1213 1180 censeo
1255 1119 1348 1200 Quae
1372 1121 1400 1181 si
1426 1121 1538 1181 minus

304 1205 463 1286 placeant,
490 1225 555 1267 non
579 1225 727 1268 recusem
751 1205 946 1280 concedere,
971 1206 997 1268 si
1023 1207 1093 1287 quis
1118 1206 1236 1269 absens
1261 1209 1303 1270 ab
1321 1208 1444 1271 arbitro
1460 1229 1539 1270 con-

305 1295 477 1358 demnatus
515 1303 622 1374 esset,
662 1295 759 1358 ctiam
796 1302 864 1355 tum
904 1295 1028 1374 ἐχίνους
1063 1295 1255 1376 obsignatos
1279 1316 1361 1376 esse,
1397 1299 1425 1360 si
1450 1296 1538 1360 forte

302 1385 350 1467 μῆ
375 1387 473 1468 οὔσης
496 1384 624 1446 actione
641 1384 787 1446 instituta
803 1383 867 1444 litis
883 1382 1079 1446 documenta
1103 1385 1370 1450 desiderarentur.
1386 1384 1535 1468 Ἔφεσις

302 1481 412 1537 autem
437 1473 598 1536 sententia
621 1472 829 1554 pronuntiata
851 1471 937 1534 illico
950 1471 1061 1548 fiebat;
1086 1493 1171 1554 quae
1187 1475 1213 1535 si
1237 1483 1355 1555 postea
1378 1475 1449 1537 fieri
1478 1496 1536 1557 po-

301 1563 426 1636 tuisset,
460 1571 549 1624 certe
573 1562 671 1642 ἐχῖνοι
695 1560 859 1641 obsignari
892 1560 1069 1636 debebant,
1105 1571 1140 1624 ut
1170 1562 1233 1625 litis
1265 1563 1479 1626 instrumenta
1506 1566 1536 1626 in

302 1671 417 1714 omnes
433 1659 569 1716 eventus
585 1652 711 1731 integra
727 1659 1006 1714 conservarentur.
1023 1651 1233 1714 Documento
1255 1661 1329 1715 sunt
1345 1673 1410 1715 non
1426 1655 1536 1716 solum
1598 1713 1599 1728 ,

302 1739 489 1803 Aristotelis
513 1740 613 1801 verba
636 1759 734 1819 supra
757 1739 864 1813 citata,
890 1740 951 1802 sed
976 1740 1074 1801 etiam
1099 1761 1182 1820 quae
1210 1741 1242 1802 in
1266 1741 1391 1826 (Dem.)
1415 1762 1462 1805 or.
1492 1742 1537 1804 40

301 1827 387 1912 (adv.
418 1826 526 1913 Boot.)
563 1827 647 1912 §31
683 1829 830 1908 legimus
872 1825 949 1890 Ἔτι
983 1828 1019 1890 δὲ
1053 1831 1168 1899 πάντες
1202 1831 1279 1912 ὑμῖν
1314 1832 1345 1894 oi
1378 1831 1464 1912 πρὸς
1489 1836 1539 1911 τῷ
1598 1821 1599 1824 “

302 1919 441 2002 διαιτητῇ
473 1917 630 1998 παρόντες
652 1919 946 2000 μεμαρτυρήκασιν,
982 1919 1030 1986 ὡς
1054 1916 1149 1987 οὗτος
1171 1919 1326 2000 παρών,
1352 1921 1417 1982 ὅτε
1440 1922 1537 1982 ἀττε-

303 2009 475 2092 διῄτῆσέ
512 2031 594 2088 μου
630 2007 903 2088 ὁδιαιτητῆς,
940 2009 1010 2069 οὔτε
1041 2009 1159 2090 ἐφῆκεν
1182 2009 1226 2077 εἰς
1248 2007 1283 2071 τδ
1315 2009 1536 2092 δικαστήριον,

301 2099 441 2180 ἐνέμεινέ
465 2120 496 2159 τε
518 2100 556 2175 τῆ
580 2092 692 2174 διαίτῃ.
717 2096 808 2157 Haec
824 2094 932 2156 omnia
948 2095 1019 2157 luce
1037 2097 1171 2158 clariora
1186 2106 1269 2159 sunt.
1295 2097 1348 2158 Ex
1365 2117 1414 2176 eo,
1442 2099 1537 2180 quod

299 2186 426 2250 Bootus
442 2204 597 2265 praesens
614 2184 760 2264 repulsus
784 2203 850 2244 non
866 2182 952 2247 illico
969 2187 1168 2264 provocavit,
1195 2187 1300 2248 donec
1327 2195 1429 2248 testes
1452 2189 1537 2250 ade·

299 2285 381 2355 rant,
407 2283 517 2336 orator
540 2293 614 2336 eum
639 2275 771 2335 omnino
798 2292 864 2334 non
887 2292 1087 2352 provocasse
1111 2283 1364 2356 argumentatur.
1404 2278 1534 2338 Bdotus

299 2374 408 2428 autem
432 2364 495 2426 hac
519 2366 551 2429 in
574 2365 628 2426 lite
653 2382 718 2424 non
743 2382 818 2424 reus
833 2360 891 2424 luit
908 2363 966 2424 sed
983 2373 1155 2426 accusator
1164 2360 1197 2448 ¹).
1222 2363 1407 2427 Considunt
1422 2365 1536 2445 igitur,

299 2474 382 2536 quae
407 2453 535 2515 Hubert
558 2450 602 2535 (p.
625 2451 680 2537 47)
704 2473 748 2515 ex
772 2452 916 2514 eiusdem
940 2453 1094 2514 orationis
1119 2453 1136 2534 ἓ
1161 2452 1202 2514 55
1227 2454 1269 2514 de
1294 2454 1535 2533 provocatione
1599 2489 1600 2492 =

298 2543 482 2607 accusantis
499 2541 668 2609 conclusit,
688 2541 737 2604 lbi
754 2543 839 2603 enim
856 2541 940 2603 haec
955 2541 1121 2620 leguntur:
1141 2542 1243 2604 καίτοι
1260 2542 1320 2605 οὐκ
1336 2543 1406 2610 ἴσος
1422 2542 1532 2624 γ’ῆμῖν

299 2635 382 2696 ἐστιν
405 2633 423 2694 ὁ
448 2630 604 2705 κίνδυνος,
630 2627 774 2716 ἀλλ’ἑμοὶ
797 2631 869 2713 μέν,
894 2630 950 2693 ἐὰν
977 2631 1067 2712 ὑμεῖς
1089 2631 1157 2692 νυνὶ
1173 2629 1238 2692 ὑπὸ
1268 2632 1391 2693 τούτων
1406 2631 1530 2706 ἐξαπα-

298 2723 423 2806 τηδῆτε,
450 2721 509 2782 οὐκ
544 2721 664 2796 ἐξέσται
699 2721 741 2784 ἔτι
764 2721 958 2783 δικάσασθαι
981 2720 1129 2800 περὶτῆς
1152 2719 1288 2800 προικός
1305 2737 1311 2752 ·
1328 2721 1460 2787 τούτους
1485 2719 1526 2790 δ’,

300 2814 331 2874 εἴ
350 2833 447 2887 φασιν
472 2809 594 2879 ἀδίκως
618 2810 839 2892 ἀποδιαιτῆσαί
861 2832 928 2890 μου
951 2807 1005 2870 τδν
1029 2808 1186 2890 διαιτητὴν
1208 2807 1264 2876 τὰς
1287 2806 1422 2890 δίκαςῖ),
1458 2809 1530 2870 καί

298 2897 374 2964 τότ’
394 2902 487 2980 ἐξῆν
509 2900 566 2970 είς
592 2901 698 2983 ὑμᾶς
720 2895 900 2980 ἐφεῖναι,
925 2897 993 2960 καὶ
1017 2897 1527 2979 νῦνέκγενῆσεταιπάλιν,

300 2989 356 3053 ἐὰν
375 2989 564 3070 βούλωνται,
588 2989 664 3069 παρ’
689 2989 771 3070 ἐμοῦ
788 2989 893 3068 λαβεῖν
918 2989 952 3048 ἐν
975 2986 1052 3068 ὑμῖν
1073 2985 1108 3048 τὸ
1133 2985 1266 3049 δίκαιον.
1291 2987 1384 3048 Haec
1407 2983 1534 3070 (θείη.)
1600 3043 1601 3046 ,

299 3079 400 3140 verba
423 3079 538 3140 mirum
563 3081 594 3140 in
619 3078 753 3140 modum
766 3076 808 3137 ab
825 3076 879 3148 eis
905 3094 990 3156 quae
1012 3094 1110 3154 supra
1125 3073 1315 3146 rettulimus,
1333 3075 1531 3157 discrepant.

302 3167 385 3248 Quis
402 3169 487 3228 enim
504 3167 613 3230 dicere
637 3174 749 3247 potest
773 3166 920 3247 ἐμμένειν
943 3167 981 3244 τῆ
1005 3164 1104 3244 διαίτῃ
1123 3162 1164 3224 de
1181 3184 1231 3242 eo,
1258 3163 1309 3224 cui
1325 3171 1443 3243 postea
1458 3184 1536 3243 pro·

300 3275 420 3319 vocare
444 3258 474 3317 in
498 3260 607 3320 animo
633 3253 708 3318 est?
748 3254 918 3317 Contraria
942 3253 1025 3315 haec
1050 3253 1182 3333 quidem
1207 3272 1313 3333 neque
1338 3251 1403 3315 ullo
1428 3254 1538 3314 modo

301 3346 540 3423 coniungenda.
579 3347 693 3425 Itaque
717 3344 846 3406 Hubert
876 3343 1003 3416 erravit,
1037 3342 1128 3422 quod
1161 3342 1224 3404 hac
1247 3341 1409 3404 sententia
1432 3341 1536 3416 nisuS,

301 3434 354 3497 illa
377 3433 529 3514 neglecta
553 3434 732 3507 contendit,
765 3432 929 3494 accusanti
956 3431 1042 3494 diem
1068 3451 1133 3494 non
1158 3431 1279 3493 dictam
1304 3428 1413 3504 fuisse,
1446 3439 1536 3492 ante·

302 3544 399 3607 quam
423 3533 629 3602 provocaret.
655 3521 721 3585 Sed
745 3521 838 3583 aliter
853 3522 971 3583 rectius
987 3520 1073 3582 hunc
1090 3520 1197 3582 locum
1214 3517 1535 3604 interpretabimur3).

347 3612 404 3673 Ad
427 3613 624 3695 ἐκγενήσεται
648 3631 714 3672 non
738 3611 859 3692 ἐφιέναι
883 3610 941 3671 sed
965 3610 1071 3691 λαβεῖν
1087 3609 1122 3672 τδ
1138 3610 1261 3672 δίκαιον
1278 3609 1536 3670 construendum

302 3711 362 3778 est,
387 3702 542 3781 idemque
567 3702 609 3763 ad
632 3701 812 3782 βούλωνται
836 3699 1063 3781 supplendum.
1110 3699 1186 3760 Non
1220 3697 1262 3761 de
1296 3697 1536 3778 provocatione

303 3791 362 3852 sed
387 3791 429 3852 de
460 3791 521 3851 alia
553 3792 681 3852 actione
704 3810 723 3850 a
746 3789 852 3851 Booto
876 3786 1025 3869 intenta4)
1051 3787 1250 3850 Mantitheus
1274 3786 1434 3868 loquitur;
1471 3807 1537 3868 qua

302 3880 328 3941 si
352 3880 542 3958 vinceretur,
578 3881 675 3941 etiam
699 3880 726 3940 si
751 3898 834 3939 nunc
858 3879 1005 3958 superior
1037 3877 1253 3954 discessisset,
1290 3875 1444 3938 damnum
1468 3895 1536 3936 non

304 3971 409 4032 minus
434 3969 495 4030 sibi
519 3970 686 4031 imminere
696 3967 728 4052 5),

339 4056 480 4140 Ἔφεσις
503 4060 601 4139 igitur
624 4066 657 4118 et
680 4055 863 4118 accusantis
887 4063 920 4116 et
942 4055 988 4116 rei
1012 4053 1095 4114 illico
1112 4053 1222 4137 fiebat,
1248 4061 1280 4114 et
1296 4061 1365 4114 tum
1391 4053 1536 4127 demum,

304 4149 329 4208 si
355 4147 478 4208 intenta
502 4156 580 4222 erat,
605 4149 702 4227 ἐχῖνοι
726 4144 994 4224 obsignabantur.

355 4309 363 4370 l
383 4309 423 4358 Cf.
443 4306 541 4372 (Dem.)
561 4323 599 4359 or.
617 4306 652 4355 40
671 4303 686 4372 ᾗ
707 4305 748 4355 30.

356 4381 364 4441 l
383 4375 426 4434 τὰς
445 4378 521 4433 δίκας
541 4385 686 4443 corruptum
706 4393 762 4425 esse
782 4376 888 4427 videtur.

353 4452 362 4516 )
382 4451 413 4498 Et
432 4449 617 4499 Hudtwalcker
635 4465 720 4511 parum
741 4457 811 4496 recte
830 4448 862 4495 de
882 4447 973 4495 eodem
993 4446 1053 4494 loco
1074 4443 1189 4509 disputat
1209 4443 1244 4508 (p.
1266 4442 1327 4504 120,
1346 4443 1405 4493 adu.
1425 4440 1479 4507 62).

354 4521 363 4586 )
383 4522 422 4570 Cs.
443 4518 457 4586 ξ
480 4522 509 4569 li
531 4520 644 4570 eiusdem
662 4520 794 4568 orationis.

354 4592 363 4654 )
383 4593 509 4642 Consulto
529 4603 611 4641 aulem
631 4601 720 4640 orator
738 4606 791 4638 rem
812 4590 942 4650 obscurat,
962 4604 1013 4652 quo
1027 4587 1106 4650 magis
1118 4587 1229 4636 iudicum
1252 4586 1351 4635 animos
1365 4591 1535 4636 commoveat.

344 4307 351 4335 1

341 4377 353 4414 2

342 4521 352 4548 ι

342 4590 352 4618 ε
