3240 5478
618 593 838 656 -25..

106 783 260 837 carentes
282 781 318 834 et
342 782 494 835 corruunt
518 793 591 835 cum
616 773 671 848 eiS,
705 791 789 856 quae
812 772 854 834 de
877 791 1013 836 numero
1038 781 1071 834 et
1094 772 1264 834 sortitione
1288 792 1338 833 ar·

106 863 267 925 bitrorum
291 861 472 925 secundum
495 861 598 924 tribus
622 860 682 924 sibi
706 861 809 930 finxit,

154 950 243 1032 Quid
267 959 377 1014 autem
402 950 530 1025 obstat,
554 951 727 1033 quominus
751 958 785 1013 et
808 949 960 1034 Ulpian0,
994 950 1082 1030 quod
1113 969 1255 1031 aequum
1278 959 1337 1024 est,

102 1037 312 1104 tribuamus?
343 1039 443 1102 Falso
473 1038 526 1101 ille
558 1039 691 1120 quidem
716 1039 952 1101 Demosthenis
982 1039 1082 1100 verba
1113 1038 1156 1100 ad
1179 1037 1339 1118 euthynas

104 1129 218 1204 refert,
243 1128 303 1192 sed
327 1148 411 1209 quae
434 1137 544 1191 cetera
566 1128 665 1190 tradit
681 1127 722 1190 de
742 1147 782 1190 eo
807 1147 919 1192 mense
929 1125 963 1214 1),
988 1147 1054 1208 quo
1076 1126 1185 1190 arbitri
1209 1128 1339 1207 saepius

102 1218 283 1280 convenire
296 1217 502 1280 debebantet
514 1217 659 1280 accusari
667 1225 828 1297 poterant,
841 1215 907 1278 fide
920 1216 998 1280 mihi
1010 1237 1076 1278 non
1088 1217 1219 1296 indigna
1230 1217 1340 1280 viden·

101 1316 170 1376 tur.
194 1306 318 1370 Ultimo
332 1307 417 1369 enim
429 1325 543 1370 mense
555 1303 832 1392 (Scirophorione)
844 1307 989 1368 actiones
998 1305 1126 1368 arbitris
1135 1305 1340 1368 mandandae

101 1395 251 1458 sortasse
270 1415 336 1458 non
348 1403 500 1476 poterant
515 1394 662 1480 institui²l
685 1393 737 1458 vel
749 1396 776 1457 si
792 1394 1050 1474 instituebantur,
1075 1393 1163 1474 apud
1176 1393 1237 1456 XL
1252 1394 1340 1457 viros

102 1485 297 1561 manebant,
319 1484 425 1546 donec
438 1485 547 1546 arbitri
570 1483 769 1564 insequentis
784 1483 858 1546 anni
878 1504 994 1546 munus
1006 1483 1262 1565 ingrederentur.
1287 1481 1340 1545 Sic

101 1574 238 1637 ‚arbitris
253 1573 368 1636 ultimo
385 1592 497 1635 mense
509 1574 652 1654 spatium
662 1573 774 1634 datum
787 1581 865 1649 erat,
882 1582 917 1635 ut
929 1593 1045 1634 causas
1057 1580 1155 1634 antea
1170 1581 1340 1652 susceptas

102 1664 154 1726 ad
178 1662 277 1725 finem
294 1662 519 1744 perducerent,
540 1681 581 1724 ne
601 1661 680 1743 quid
702 1662 734 1724 in
750 1662 937 1741 proximum
953 1681 1072 1724 annum
1088 1656 1340 1746 transferretud)

102 1761 145 1815 -et
168 1752 414 1815 accusatoribus
437 1751 568 1813 occasio
593 1750 703 1812 oblata
726 1759 796 1812 erat
819 1749 967 1831 quemvis
991 1751 1147 1813 arbitrum
1171 1749 1202 1810 in
1223 1750 1271 1811 ius
1286 1767 1340 1811 vo-

101 1841 218 1905 candi.
264 1841 303 1903 Id
335 1841 367 1902 in
398 1840 606 1902 consessibus
636 1841 736 1901 totius
766 1839 959 1902 arbitrorum
991 1839 1120 1919 collegii
1143 1837 1253 1914 fiebat,
1286 1841 1340 1918 qui

103 1949 225 1994 *mense
250 1929 447 1992 duodecimo
471 1937 560 1990 certe
584 1930 714 2009 saepius
738 1949 835 2010 quam
859 1937 955 1991 antea
978 1927 1192 1992 habebantur.
1240 1927 1341 1990 Ante-

102 2018 306 2084 ›cedentibus
322 2017 487 2081 mensibus
503 2013 859 2101 singulosconsessus4)
869 2017 1037 2080 sullecisse
1053 2025 1144 2097 puto,
1169 2015 1236 2079 Sed
1252 2015 1342 2078 haud

103 2109 182 2170 scio
197 2129 239 2170 an
255 2127 368 2170 mense
388 2106 646 2187 Scirophorione
669 2126 735 2169 non
763 2106 909 2187 quotidie
936 2106 1108 2168 convenire
1134 2103 1340 2189 debuerint5).

109 2198 317 2260 Postremum
342 2205 450 2258 autern
475 2214 666 2258 consessum
697 2194 811 2258 ultimo
836 2195 888 2257 die
919 2195 1075 2276 cuiusque
1098 2195 1173 2256 anni
1196 2193 1341 2257 habitum

108 2305 186 2348 esse
211 2305 254 2348 ex
276 2285 504 2349 Demosthene
529 2283 735 2358 concludam,
767 2285 812 2346 ita
842 2293 877 2346 ut
899 2284 1029 2346 ultimus
1053 2283 1247 2345 arbitrorum
1271 2282 1342 2345 dies

104 2384 145 2438 et
157 2375 288 2437 ultimus
304 2394 416 2437 eorum
430 2393 604 2436 consessus
624 2394 689 2436 uno
704 2373 889 2456 eodemque
901 2374 1002 2436 verbo
1015 2373 1152 2452 exprimi
1164 2371 1341 2452 potuerint.

156 2464 227 2526 Nec
250 2483 316 2524 non
340 2464 382 2526 de
405 2463 528 2525 ratione
551 2461 634 2525 illius
658 2462 796 2525 actionis
813 2461 999 2525 nonnullae
1015 2461 1252 2525 Demosthenis
1268 2460 1342 2524 loco

106 2555 215 2616 citato
231 2551 426 2615 concludere
442 2553 527 2614 licet.
546 2551 634 2614 Reus
650 2551 741 2612 citari
764 2571 829 2613 non
849 2551 969 2627 debuit,
987 2559 1021 2612 et
1047 2551 1083 2628 is,
1101 2551 1157 2632 qui
1173 2550 1342 2612 consessui

112 2641 343 2723 praesidebat,
375 2642 497 2704 eodem
529 2640 581 2702 die
604 2639 750 2721 collegas
782 2640 814 2701 in
837 2640 990 2720 suffragia
1013 2639 1171 2706 mittebat.
1219 2635 1342 2719 Capitis

106 2732 293 2794 deminutio
316 2750 425 2811 poena
449 2739 525 2792 erat.
553 2729 597 2792 Et
620 2729 888 2809 provocationem
912 2729 953 2790 ad
977 2728 1102 2791 iudices
1118 2727 1262 2808 patuisse
1285 2727 1342 2790 viri

110 2821 206 2883 docti
229 2821 446 2904 coniecerunt,
470 2819 668 2882 Aristoteles
691 2818 895 2898 comprobat.
929 2817 995 2880 Sed
1019 2817 1045 2878 si
1069 2817 1249 2880 accuratius
1274 2836 1344 2878 rem

111 2909 303 2990 perspicias,
330 2909 431 2970 multa
454 2929 520 2970 non
543 2909 622 2970 satis
647 2907 787 2972 dilucida
809 2907 962 2979 invenies,

160 2996 214 3058 Ac
237 2997 485 3060 Demosthenes
509 2997 644 3078 quidem
667 2997 798 3076 saepius
821 2995 954 3058 Midiam
979 2996 1124 3074 increpat
1140 3003 1173 3056 et
1188 2996 1345 3056 acerrime

111 3089 146 3149 in
170 3106 244 3148 eum
269 3087 436 3162 invehitur,
462 3086 552 3168 quod
569 3085 755 3148 Stratonem
779 3084 907 3166 legibus
931 3085 1129 3164 contemptis
1152 3085 1184 3146 in
1207 3085 1256 3145 ius
1280 3102 1345 3144 non

115 3177 290 3239 vocaverit.
318 3175 420 3256 Quod
445 3175 611 3238 calliditati
635 3177 771 3236 oratoris
787 3177 894 3255 potius
919 3193 1017 3254 quam
1034 3173 1100 3234 veri
1117 3171 1225 3233 studio
1249 3172 1346 3234 tribu-

114 3265 237 3326 endum
262 3285 335 3326 esse
360 3265 588 3327 Westermann
612 3263 849 3336 animadvertit,
887 3262 998 3342 Bergk
1023 3260 1069 3342 (p.
1096 3258 1180 3345 276),
1213 3260 1345 3341 Lipsius

111 3353 175 3434 (D,
200 3361 257 3420 att.
281 3352 397 3416 Ρτοο.2
429 3373 462 3433 p.
488 3351 574 3438 335),
610 3353 737 3415 Hubert
769 3351 814 3434 (p.
841 3349 931 3436 slis)
961 3350 1085 3413 assensi
1116 3357 1199 3412 sunt.
1239 3350 1347 3411 Docu-

117 3450 231 3504 mento
262 3443 347 3503 enim
372 3451 432 3521 est,
458 3443 548 3526 quod
573 3441 684 3504 Strato
708 3448 824 3521 postea
856 3440 940 3509 lecit.
965 3439 1097 3502 Minime
1121 3458 1190 3501 rem
1215 3440 1246 3500 in
1270 3440 1347 3501 inte·

116 3550 214 3611 grum
238 3531 376 3594 restituit
399 3531 455 3614 (μὴ
474 3534 571 3614 οὔσης
583 3527 738 3614 actione⁶)
761 3531 820 3592 sed
837 3529 879 3590 ad
895 3530 1017 3591 iudices
1035 3529 1225 3608 provocavit
1248 3537 1281 3589 et
1304 3528 1347 3588 ab

112 3621 155 3682 iis
173 3620 411 3682 condemnatus
438 3631 498 3695 est,
523 3621 556 3682 id
581 3619 672 3700 quod
686 3618 822 3680 Frankel
847 3639 864 3678 e
887 3616 1077 3701 verbis§()l
1097 3617 1150 3679 καὶ
1173 3618 1263 3678 τοῦτ’
1278 3617 1347 3696 ἕχα·

119 3709 256 3788 ρίσασθε
287 3709 376 3790 αὐτῷ
409 3718 497 3771 recte
532 3707 699 3772 conclusit.
747 3705 814 3768 Sed
838 3707 889 3769 Fr.
913 3707 1006 3768 Blass
1040 3707 1105 3768 hoc
1136 3705 1210 3767 loco
1242 3706 1349 3786 legen·

121 3797 200 3859 dum
232 3817 305 3861 esse
337 3798 491 3859 coniecit:
524 3798 578 3860 καὶ
609 3791 892 3877 τοῦτ’ἕχαρίσαῦ’
927 3797 1032 3876 αὐτῷ,
1066 3815 1130 3876 qua
1162 3795 1350 3855 coniectura

118 3905 237 3948 sensus
260 3885 356 3966 plane
379 3895 528 3948 mutatur.
553 3887 628 3966 Ego
652 3885 784 3966 quidem
807 3885 885 3948 mihi
901 3885 1098 3964 persuadere
1123 3903 1189 3945 non
1212 3901 1349 3962 possum

159 4099 178 4162 ¹)
198 4101 273 4150 Falso
293 4099 515 4164 Scirophorionem
537 4099 699 4148 undecimum
719 4114 830 4146 mensem
849 4079 969 4147 nominat'.

132 4245 137 4254 1
157 4167 179 4226 2)
201 4174 296 4222 Causas
315 4171 481 4220 hereditarias
500 4171 601 4234 quidem
616 4185 699 4218 meuse
714 4170 913 4234 Scirophorione
933 4171 965 4218 ad
985 4169 1156 4231 magistratum
1176 4167 1278 4216 deferre
1298 4182 1347 4214 nou

121 4239 510 4378 ικῖξαὲῑ.οἑὲῑξιὲ,εῑῖῗῖἑοῖἑ2
522 4243 657 4373 iliosis,
676 4329 701 4375 p.
716 4311 775 4361 277.

137 4381 181 4466 f)
199 4385 251 4434 Eos
277 4401 416 4434 consessus
444 4385 515 4434 initio
545 4385 665 4450 cuiusque
694 4384 788 4433 mensis
816 4382 893 4463 luisse
923 4398 979 4430 cum
1009 4382 1117 4444 Bergkio
1145 4381 1181 4447 (p.
1196 4380 1258 4444 277)
1287 4381 1349 4428 veri·

120 4457 390 4592 smilleBeiirzckoquidem
402 4524 430 4592 (l.
444 4542 466 4577 c.
480 4543 506 4590 p.
518 4525 580 4588 274)
590 4525 686 4573 insidiis
696 4525 811 4574 omnibus
821 4525 855 4572 sic
865 4525 930 4572 vlam
939 4525 1094 4588 patefectam
1113 4522 1188 4571 luisse
1202 4531 1297 4572 censet.

158 4595 180 4663 ⁶)
199 4601 240 4648 De
258 4601 362 4648 actione
380 4595 417 4662 μὴ
437 4595 517 4661 οὔσης
537 4597 569 4648 cf.
591 4597 653 4645 infra
672 4613 696 4661 p.
711 4598 754 4648 41.
773 4597 876 4645 Hubert
894 4612 920 4660 p.
933 4596 967 4643 48
987 4611 1041 4659 sqq.
