3240 5478
606 578 824 640 ...47...

139 759 292 821 Arbitros
330 758 475 840 privatos
507 755 742 836 praetermitto,
779 756 900 838 quippe
935 757 989 838 qui
1026 764 1219 819 vetustiores
1251 758 1325 828 sint,

91 869 194 930 quam
218 856 254 910 ut
278 847 435 927 originem
460 866 572 907 eorum
596 845 792 924 investigare
816 847 988 926 possimus,
1028 845 1217 926 Antiquitus
1241 847 1326 907 enim

93 936 358 1001 Atheniensibus
410 955 535 998 morem
582 933 679 996 luisse
722 941 823 1014 puto,
870 943 905 995 ut
942 935 974 995 in
1017 933 1190 996 levioribus
1222 933 1326 996 causis

93 1027 231 1108 privatis
256 1044 324 1087 rem
349 1024 391 1085 ad
415 1043 540 1104 aequos
563 1027 651 1086 viros
678 1022 884 1085 iudicandam
902 1021 1075 1092 deferrent,
1100 1023 1208 1104 Quam
1225 1023 1327 1102 priva-

93 1125 205 1178 torum
230 1115 501 1176 consuetudinem
526 1115 624 1175 etiam
656 1111 689 1173 in
721 1113 885 1176 civitatum
917 1114 1116 1175 commercio
1140 1121 1326 1192 usurpatam

94 1224 173 1266 esse
199 1203 291 1265 multi
323 1211 356 1264 et
387 1210 538 1264 auctores
570 1210 603 1264 et
626 1198 708 1262 tituli
731 1209 899 1263 testantur.
940 1202 1034 1264 Haec
1058 1203 1168 1262 omnia
1193 1199 1327 1286 Meier²)

96 1301 131 1355 et
155 1291 302 1376 sonne2)
328 1291 360 1352 in
384 1311 482 1352 unum
500 1289 704 1352 contulerunt
721 1297 753 1352 et
769 1290 1012 1352 accuratissime
1028 1293 1227 1371 interpretati
1243 1298 1326 1352 sunt.

140 1381 215 1444 Non
233 1383 337 1442 minus
349 1380 507 1443 incertum
521 1387 581 1454 est,
601 1379 733 1460 quando
750 1377 802 1440 illa
818 1379 872 1440 lex
888 1379 954 1441 lata
971 1381 1023 1454 sit,
1041 1399 1125 1460 quae
1141 1379 1183 1441 ab
1200 1380 1328 1442 arbitris

94 1471 231 1552 privatis
252 1471 295 1531 ad
316 1469 442 1531 iudices
458 1468 643 1532 heliasticos
664 1470 836 1548 provocari
852 1466 988 1554 vetuit3).
1009 1469 1092 1530 Nam
1108 1489 1181 1530 eam
1201 1477 1327 1549 partem

94 1560 182 1623 illius
205 1559 297 1640 legis,
324 1578 408 1638 quae
432 1557 571 1626 inDem.
585 1557 665 1624 Mid.
690 1559 707 1635 ξ
730 1556 775 1618 94
790 1555 951 1637 legitur4),
976 1577 1040 1620 non
1060 1560 1235 1638 genuinam
1252 1576 1328 1620 esse

94 1648 224 1712 Hubert
247 1649 291 1728 (p.
311 1646 367 1732 22)
392 1667 465 1709 cum
477 1643 757 1726 Westermanno⁵)
774 1645 953 1723 confirmat,
971 1667 1170 1728 quamquam
1187 1646 1328 1728 aliquam

95 1738 139 1799 de
170 1736 297 1799 arbitris
320 1735 429 1818 legem
454 1735 618 1797 exstitisse
643 1737 781 1796 oratoris
804 1735 904 1815 ipsius
920 1735 1044 1798 verbis:
1069 1737 1138 1817 λέγε
1154 1735 1189 1798 δὲ
1204 1737 1259 1798 καὶ
1274 1734 1328 1797 τὸν

97 1832 166 1890 τῶν
191 1827 357 1908 διαιτητῶν
379 1825 483 1907 νόμον
508 1826 586 1887 satis
610 1824 859 1891 demonstratur.

145 1915 261 1976 Iniuria
283 1935 361 1976 vero
377 1913 561 1976 Hubertum
579 1913 785 1974 offenderunt
804 1913 904 1975 verba
920 1913 971 1995 ἐφ’
993 1915 1100 1994 ἕτερον
1116 1914 1328 1996 δικαστήριον,

97 2023 185 2086 quae
210 2004 251 2065 de
276 2003 396 2065 arbitro
421 2003 500 2064 mire
525 2003 612 2064 dicta
636 2001 809 2064 existimat.
845 2002 927 2082 Quis
952 2004 1038 2064 enim
1063 2013 1130 2081 est,
1166 2004 1221 2084 qui
1243 2001 1329 2063 hanc

98 2094 231 2173 linguae
256 2091 402 2153 Graecae
425 2091 609 2154 libertatem
626 2091 764 2171 ignoret,
789 2111 848 2170 per
865 2112 962 2172 quam
981 2093 1090 2153 dicere
1106 2091 1242 2154 licebat:
1269 2091 1329 2154 οὐκ

98 2182 138 2264 ἦν
173 2181 288 2262 χόρτος
324 2181 402 2243 οὐδὲ
426 2181 502 2244 ἄλλο
540 2179 674 2258 δένδρον
710 2179 814 2242 οὐδέν.
839 2181 922 2244 Xen.
947 2179 1011 2242 An.
1036 2181 1059 2260 I,
1084 2180 1136 2244 55.
1168 2180 1233 2243 ὑπὸ
1264 2185 1330 2242 τῶν

98 2271 241 2333 πολιτῶν
265 2270 318 2332 καὶ
343 2275 409 2332 τῶν
433 2271 539 2332 ἄλλων
563 2269 673 2346 ξένων.
698 2268 743 2331 Pl.
770 2268 871 2350 Gorg,
895 2269 971 2336 473.
996 2269 1110 2350 Γέρων
1133 2277 1235 2351 χωρεῖ
1255 2268 1329 2354 pedi

99 2360 213 2438 ἑτέρου
243 2359 378 2421 νεανίου.
420 2357 484 2438 Ἄρ.
517 2360 563 2420 ἐκ.
597 2357 662 2420 849
692 2355 850 2442 (Kr'uger,
885 2357 1013 2426 Griech.
1039 2357 1266 2438 Sprachlehre,
1302 2357 1331 2419 ΙΙ

99 2469 133 2529 p.
163 2448 234 2522 lOl,
259 2448 334 2510 adn.
365 2447 423 2531 ll).
449 2447 576 2508 Eadem
600 2448 724 2516 ratione
750 2447 812 2509 dici
837 2455 981 2528 poterat:
1008 2447 1148 2530 [ἔφεσις]
1174 2447 1239 2510 ἀπὸ
1257 2446 1330 2530 [τοῦ

99 2535 278 2620 διαιτητοῦ]
292 2535 344 2618 ἐφ’
355 2537 461 2617 ἕτερον
473 2536 686 2618 δικαστήριον.
701 2535 774 2597 Hoc
785 2545 927 2616 excepto
941 2545 1060 2606 cetera,
1071 2557 1154 2618 quae
1163 2537 1215 2598 ille
1228 2537 1329 2611 affert,

101 2634 137 2688 ut
161 2625 268 2706 legem
304 2627 445 2704 spuriam
481 2645 553 2686 esse
586 2625 833 2700 demonstraret,
867 2625 943 2687 mihi
967 2646 1096 2708 quoque
1120 2626 1329 2706 persuadent.

102 2713 239 2799 Bergkss)
263 2715 412 2792 coniecit,
437 2734 476 2775 ea
500 2713 630 2776 demum
655 2713 729 2793 lege
753 2714 795 2774 ad
818 2722 991 2798 utrumque
1011 2715 1203 2776 arbitrorum
1227 2734 1332 2794 genus

101 2803 285 2884 pertinente
310 2823 329 2864 a
344 2804 544 2882 privatorum
562 2803 756 2865 arbitrorum
773 2804 934 2864 sententia
954 2805 1220 2884 provocationem
1236 2805 1333 2864 inter-

99 2892 224 2954 clusam
242 2911 327 2956 esse.
354 2891 448 2971 Quae
465 2912 538 2952 cum
557 2892 772 2972 demonstrari
789 2901 954 2972 nequeant
973 2895 1004 2954 in
1022 2893 1120 2954 dubio
1144 2892 1332 2974 relinquam,

88 3028 91 3033 .
147 2981 185 3042 Id
208 3000 289 3042 vero
314 2988 455 3060 tempuS,
488 3000 552 3064 quo
577 2981 687 3041 arbitri
711 2981 876 3060 publici
900 2982 1036 3044 instituti
1060 2989 1144 3056 sunt,
1170 2983 1334 3062 angustio·

102 3070 191 3148 ribus
216 3068 335 3131 finibus
358 3068 578 3131 circumscribi
602 3069 731 3150 poterit.
762 3071 846 3132 Nam
871 3069 937 3132 hoc
962 3071 1094 3152 quidem
1118 3090 1214 3132 nemo
1239 3090 1334 3150 nega-

102 3160 162 3233 bit,
187 3169 262 3219 ante
287 3179 407 3219 annum
424 3157 546 3240 masa,
562 3178 627 3238 quo
644 3177 804 3238 pagorum
828 3159 950 3221 iudices
974 3180 1082 3222 rursus
1098 3159 1232 3222 instituti
1249 3167 1332 3238 sunt,

102 3248 244 3310 arbitros
268 3267 334 3308 non
357 3246 465 3322 luisse,
501 3247 527 3308 si
553 3267 664 3308 eorum
688 3248 879 3325 meminerit,
905 3269 988 3330 quae
1011 3269 1110 3330 supra
1135 3249 1176 3310 de
1201 3249 1334 3327 ratione,

105 3355 190 3418 quae
213 3336 295 3397 inter
317 3336 380 3398 XL
404 3336 489 3397 viros
514 3344 548 3397 et
570 3335 762 3398 arbitrorum
788 3336 959 3418 collegium
976 3339 1202 3416 intercesserit,
1228 3357 1334 3418 expo·

107 3425 239 3487 suimus.
264 3425 418 3486 Necnon
434 3424 608 3487 verisimile
626 3432 684 3500 est,
710 3446 843 3486 causam
860 3427 999 3488 arbitros
1022 3427 1209 3488 instituendi
1224 3425 1342 3510 luisse,¹

105 3513 183 3595 quia
207 3533 373 3593 pagorum
388 3513 514 3574 iudices
538 3515 669 3593 triginta
685 3534 819 3577 numero
835 3523 886 3576 tot
901 3516 1065 3597 tantisque
1082 3513 1195 3578 officiis
1212 3515 1336 3578 onerati

108 3610 211 3678 erant,
235 3611 270 3664 ut
292 3621 398 3663 rerum
422 3603 618 3684 privatarum
641 3602 818 3664 iurisdictio
843 3605 936 3666 nimis
960 3605 1124 3666 retardata
1147 3606 1197 3668 sit.
1223 3605 1336 3685 Itaque

6 3695 9 3702 ’
106 3693 214 3772 primo
238 3690 326 3753 haud
351 3691 419 3752 scio
443 3711 484 3752 an
508 3690 586 3754 alias
621 3711 737 3754 causas
761 3711 826 3753 non
850 3694 1037 3773 acceperint
1059 3695 1119 3756 nisi
1143 3714 1216 3768 eas,
1254 3713 1337 3776 quae

105 3783 150 3842 ad
168 3779 271 3841 lorum
289 3781 421 3859 triginta
436 3783 576 3843 virorum
592 3780 809 3863 pertinebant.
833 3782 988 3844 Paulatim
1013 3791 1045 3844 et
1064 3783 1114 3844 alii
1131 3784 1337 3862 magistratus

106 3889 182 3930 suas
206 3888 322 3930 causas
346 3869 391 3930 eis
408 3869 538 3930 tradere
554 3879 742 3950 coeperunt.
767 3871 938 3940 Postremo
955 3871 1028 3952 lege
1048 3879 1260 3934 constitutum
1276 3879 1336 3946 est,

148 4027 168 4094 ¹)
186 4046 212 4094 p.
233 4029 276 4093 29,
295 4029 343 4078 III.
363 4030 411 4077 Die
432 4031 700 4094 Austraegalgerichte
719 4031 762 4078 bei
782 4033 830 4078 deu
851 4031 986 4085 Griechen.

145 4097 168 4167 2)
187 4101 228 4150 De
247 4099 348 4148 arbitris
367 4103 484 4162 externis,
505 4117 567 4166 quos
586 4102 680 4150 Graeci
705 4102 873 4151 adhibuerunt
898 4104 931 4151 ad
950 4105 1005 4152 lites
1026 4113 1052 4153 et
1070 4105 1201 4155 intestinas
1221 4116 1245 4152 er
1264 4119 1338 4167 pere·

109 4173 604 4291 gripasCfcogppnendass4quaestiones
623 4174 804 4237 epigraphicae
828 4175 903 4226 1889.

150 4271 151 4275 =
222 4280 228 4293 .
275 4259 291 4291 u
311 4249 350 4292 ert
387 4278 394 4292 .
443 4283 448 4295 .

146 4240 170 4380 *l
190 4313 285 4363 Orator
304 4315 336 4364 de
362 4260 459 4364 aprbitm
486 4315 591 4380 publico
617 4315 686 4376 dicit,
712 4315 752 4362 lex
777 4316 853 4364 citata
883 4317 915 4364 de
936 4318 1038 4367 arbitris
1056 4319 1171 4381 privatis.
1209 4319 1240 4366 ld
1259 4317 1340 4366 Meier

111 4381 151 4450 (p.
168 4381 193 4448 7)
211 4385 366 4448 grammatici
386 4401 472 4435 errore
493 4387 616 4450 explicare
635 4393 750 4448 conatur,
780 4403 854 4452 quem
875 4388 1088 4453 errorem‘Bergk
1107 4389 1147 4456 (Ζ.
1166 4389 1183 4442 f.
1201 4389 1226 4436 d.
1245 4391 1277 4440 A.
1297 4389 1339 4437 W.

116 4455 193 4516 1849,
213 4471 238 4519 p.
253 4453 315 4521 268)
334 4457 436 4506 nimium
456 4473 512 4506 esse
531 4458 598 4509 dicit.

149 4523 170 4590 ⁵)
189 4527 230 4574 De
249 4527 287 4577 lit.
301 4527 381 4588 instr„
401 4544 465 4592 quae
485 4536 584 4578 exstant
602 4527 628 4579 iu
648 4530 723 4579 Dem.
738 4544 776 4580 or.
789 4530 815 4578 iu
834 4529 939 4579 Midiam
958 4531 1137 4581 commentatio
1156 4548 1181 4596 p.
1196 4531 1238 4580 29.

148 4595 170 4662 ¹⁵)
190 4597 217 4648 Z.
232 4597 248 4646 f.
262 4598 286 4649 d.
300 4597 332 4649 A.
346 4599 387 4647 W.
404 4599 482 4662 1849,
499 4616 525 4664 p.
541 4601 600 4650 266.
