3240 5478
617 595 834 658 ..13-

113 769 289 848 videretur,
315 766 477 831 Heraldus
500 769 638 832 coniecit
661 766 836 847 legendum
868 786 958 829 esse:
990 765 1071 848 ἧσαν
1102 767 1162 830 δὀἱ
1192 767 1343 850 διαιτηταὶ

113 859 368 939 τεσσαράκοινια,
403 859 553 938 τέσσαρες
586 855 663 920 καθ’
693 857 829 940 ἑκάστην
863 856 978 938 φυλήν.
1024 856 1204 918 Heraldum
1239 856 1343 917 Hudt-

113 947 256 1009 walcker
278 945 321 1028 (p.
347 944 378 1031 5)
413 945 599 1008 dubitanter
622 953 754 1008 secutus
778 954 839 1008 est.
885 945 987 1007 Meier
1010 949 1055 1024 (p.
1080 943 1112 1030 9)
1135 946 1259 1025 primus
1275 947 1341 1007 ani-

114 1035 300 1109 madvertit,
350 1035 480 1118 Ulpiani
514 1035 621 1097 locum
654 1054 720 1096 non
753 1033 795 1096 ad
831 1032 973 1096 arbitros
1009 1034 1071 1098 sed
1105 1036 1148 1096 ad
1183 1053 1348 1114 pagorum

115 1125 240 1187 iudices
275 1125 453 1204 pertinere,
492 1125 545 1208 qui
580 1143 615 1185 re
650 1142 727 1185 vera
761 1123 976 1205 quadraginta
1010 1131 1118 1197 erant,
1155 1123 1302 1205 quaterni
1327 1143 1353 1185 e*

116 1215 234 1276 decem
258 1213 416 1275 tribubus.

162 1303 258 1364 Nova
289 1303 411 1364 interea
444 1301 615 1364 difficultas
647 1301 818 1364 exstiterat
849 1301 1058 1380 inscriptione
1090 1299 1142 1362 illa
1168 1322 1187 1363 a
1223 1301 1345 1364 Rossio

116 1391 243 1474 edita1),
268 1410 352 1472 quae
375 1391 507 1453 nomina
531 1399 660 1453 centum
685 1398 839 1472 quattuor
869 1389 1061 1452 arbitrorum
1086 1389 1254 1453 archontis
1277 1391 1345 1451 An-

116 1480 203 1542 ticlis
237 1500 323 1542 anno
332 1478 359 1564 2)
394 1499 525 1542 munere
559 1475 745 1543 functorum
780 1479 935 1542 continet.
984 1479 1037 1540 Ex
1071 1479 1206 1541 articulo
1237 1487 1346 1541 autem

116 1569 383 1652 praescriptionis
415 1569 566 1651 διαιτηταὶ
590 1571 621 1631 oi
659 1569 711 1631 ἐπὶ
736 1567 928 1636 Ἀντικλέους
951 1569 1106 1649 ἄρχοντος
1130 1587 1243 1631 omnes
1267 1568 1354 1631 arbi·-

116 1668 186 1721 tros
211 1658 291 1721 illius
315 1658 389 1719 anni
413 1659 598 1720 nominatos
623 1656 945 1744 esseintellegiturss).
970 1658 1072 1718 Erant
1095 1657 1192 1737 igitur
1216 1665 1352 1720 centum.

118 1755 275 1829 quattuor
305 1747 415 1809 arbitri
447 1755 588 1809 exeunte
612 1745 752 1808 Anticlis
787 1766 890 1824 ann0;
927 1754 1007 1828 quot
1029 1746 1120 1808 initio
1155 1745 1237 1808 illius
1273 1747 1347 1808 anni

117 1837 248 1912 fuerint,
273 1836 349 1899 inde
374 1835 482 1917 colligi
505 1856 572 1898 non
595 1845 718 1916 potest.
765 1835 847 1916 Quis
883 1837 968 1897 enim
992 1843 1061 1910 est,
1098 1835 1151 1916 qui
1188 1843 1346 1910 numeret,

121 1933 205 2008 quot
228 1925 347 1988 eodem
380 1945 465 1988 anno
497 1945 585 1986 mors
619 1923 861 2006 absumpserit?
898 1922 964 1986 Sed
999 1924 1051 1985 hic
1087 1943 1239 1987 numerus
1263 1923 1356 2004 (CIV

120 2013 331 2098 arbitrorum)
356 2034 375 2076 a
399 2014 517 2077 ceteris
541 2013 789 2076 Atheniensium
825 2013 972 2094 collegiis
1007 2013 1091 2075 adeo
1115 2012 1279 2092 abhorret,
1315 2021 1349 2075 ut

119 2103 226 2166 Meier
250 2101 294 2188 (p.
319 2100 352 2189 9)
375 2102 510 2184 singulis
545 2103 637 2164 annis
671 2122 840 2164 numerum
874 2102 997 2164 varium
1029 2102 1130 2164 fuisse
1162 2102 1347 2167 coniecerit.

120 2193 158 2255 Id
182 2191 322 2270 Hubert,
346 2193 408 2255 etsi
433 2212 531 2254 unum
555 2190 694 2253 Anticlis
725 2211 843 2254 annum
878 2192 1001 2254 incerta
1025 2191 1066 2252 de
1091 2211 1191 2254 causa
1215 2191 1358 2274 excipit,

121 2281 197 2344 ideo
221 2289 328 2362 negat,
355 2281 445 2362 quod
469 2280 581 2342 arbitri
606 2280 777 2361 collegium
803 2278 937 2366 erant4).
954 2281 1134 2342 Numerum
1158 2289 1266 2342 autem
1290 2283 1350 2342 sin-

121 2370 205 2451 gulis
229 2370 321 2432 annis
345 2379 434 2432 certe
458 2370 597 2432 eundem
620 2368 718 2432 fuisse
743 2377 874 2446 censet,
908 2370 935 2430 si
959 2369 1132 2451 collegium
1157 2369 1350 2432 arbitrorum

120 2455 225 2522 fuerit.
274 2457 368 2538 Quae
391 2459 631 2539 argumentatio
663 2479 683 2520 a
705 2460 954 2539 magistratuum
978 2458 1123 2539 collegiis
1147 2458 1190 2521 ad
1213 2459 1355 2522 arbitros

120 2547 280 2610 translata
304 2567 370 2609 non
393 2548 438 2609 ita
452 2547 588 2610 multum
604 2546 700 2614 valet,
736 2547 864 2610 Hubert
887 2549 957 2629 ipse
973 2548 1132 2610 Meierum
1148 2567 1249 2628 saepe
1273 2549 1352 2610 vitu-

121 2646 227 2718 perat,
252 2637 343 2718 quod
367 2636 507 2699 arbitros
532 2656 606 2698 cum
630 2637 872 2717 magistratibus
897 2637 1144 2718 comparaverit.
1180 2636 1349 2717 Proprium

122 2735 157 2788 et
181 2727 343 2806 singulare
379 2725 572 2788 arbitrorum
606 2745 722 2787 munus
757 2735 823 2805 est,
863 2726 969 2806 ipsum
1000 2726 1097 2806 igitur
1128 2745 1247 2805 perse
1271 2747 1350 2789 con·

122 2816 327 2895 templemur.

169 2903 283 2985 Atque
308 2923 347 2966 ea
371 2904 515 2984 quidem,
540 2923 625 2985 quae
648 2903 758 2984 Bergk
767 2902 792 2986 ⁵)
817 2904 858 2965 de
881 2903 1075 2966 arbitrorum
1092 2923 1227 2965 numero
1244 2905 1359 2967 coniee

125 3001 226 3067 cerat,
251 2992 379 3056 Hubert
402 2993 446 3075 (p.
472 2992 514 3054 25
538 2989 601 3079 sq.)
623 2995 702 3056 satis
719 2993 894 3073 redarguit.
931 2993 1018 3055 Num
1041 3011 1119 3055 vero
1143 3001 1231 3057 recte
1253 3013 1351 3074 nega·

123 3083 207 3144 verit
237 3080 413 3167 titulum⁶),
445 3102 510 3163 quo
542 3081 594 3144 ille
624 3082 780 3162 imprimis
814 3082 903 3143 nisus
927 3089 994 3158 est,
1030 3081 1074 3143 ad
1109 3080 1247 3145 arbitros
1282 3103 1352 3164 per·

123 3173 227 3233 tinere
263 3170 388 3237 dubito.
434 3170 561 3233 Kohler
595 3170 726 3253 quidem
752 3171 883 3250 Bergkii
916 3173 1147 3245 coniecturam,
1183 3175 1237 3252 qui
1261 3192 1351 3253 prae-

125 3259 337 3340 scriptionem
361 3307 501 3329 .....
540 3259 619 3321 TAI
645 3261 677 3321 in
701 3259 947 3322 ΔΙΑΙΤΗΤΑΙ
971 3259 1191 3340 suppleverat,
1226 3264 1361 3343 accepit.

125 3356 159 3412 et
184 3347 225 3417 O.
243 3345 461 3428 Landwehr⁷)
485 3368 559 3412 eum
582 3356 715 3410 secutus
739 3357 800 3418 est,
832 3347 916 3411 Casu
940 3369 1013 3412 mea
1037 3348 1170 3431 quidem
1194 3354 1362 3418 sententia.

125 3437 254 3514 accidit,
280 3445 315 3499 ut
338 3440 433 3500 trium
465 3436 518 3499 vel
542 3445 693 3518 quattuor
726 3437 868 3500 tribuum
891 3438 1030 3501 totidem
1062 3437 1170 3499 arbitri
1195 3454 1306 3509 essent
1315 3449 1350 3530 8),

127 3527 213 3588 Nam
237 3528 269 3588 in
291 3525 346 3590 illo
370 3545 501 3609 quoque
523 3525 617 3589 titulo
633 3526 787 3589 aRossio
810 3527 910 3604 edito,
935 3527 989 3607 qui
1004 3525 1189 3607 catalogum
1217 3549 1347 3604 centum

173 3737 195 3802 1)
214 3741 316 3789 Demen
335 3757 359 3792 v.
378 3741 464 3790 Attika
482 3757 508 3806 p.
528 3739 575 3796 20;
596 3739 627 3790 C.
646 3741 665 3791 1.
685 3741 717 3790 A.
736 3741 771 3801 II,
792 3740 815 3789 2.
835 3756 860 3805 p.
882 3739 942 3791 356.

172 3807 196 3873 2)
215 3808 296 3876 325)4
314 3827 338 3860 a.
358 3811 419 3860 Chr.
439 3830 463 3862 n.

173 3877 194 3947 Ι)
214 3880 254 3932 Ci.
273 3882 376 3931 Hubert
393 3899 419 3948 p.
439 3883 481 3936 24.
500 3882 541 3934 26.
567 3882 650 3944 Bergk
674 3880 779 3948 (Rhein.
797 3884 864 3933 Mus.
884 3881 942 3936 VlI.
960 3900 986 3949 p.
1007 3879 1086 3949 132s3
1105 3882 1213 3932 articulo
1233 3882 1363 3945 neglectov

128 3953 229 4018 negavit
257 3969 345 4002 omnes
372 3952 483 4004 arbitros
501 3954 544 4002 illa
574 3953 739 4018 inscriptione
758 3952 890 4016 contineri,
909 3955 980 4020 quod
997 3953 1121 4017 Goodell,
1140 3955 1197 4005 Am.
1217 3953 1308 4018 Journ.
1328 3952 1369 4001 of‘

127 4024 263 4088 Philology
282 4025 342 4086 XII,
361 4024 376 4074 3
395 4041 420 4090 p.
441 4023 518 4092 anon
541 4025 648 4089 repetit,
666 4027 738 4090 quasi
758 4025 820 4074 nihil
838 4025 871 4076 de
891 4040 922 4074 ea
940 4041 967 4075 re
985 4026 1083 4076 interea
1101 4025 1224 4092 scriptum
1242 4024 1281 4076 sit.

173 4092 195 4155 4)
215 4094 255 4146 cf.
275 4095 374 4160 Bergk,
393 4095 517 4146 Zeitscbr.
537 4095 555 4146 Ι.
573 4096 597 4146 d.
614 4097 647 4145 A.
667 4095 708 4148 W.
732 4096 808 4158 1849,
825 4113 851 4162 p.
872 4091 962 4161 niolo,
987 4093 1019 4148 et*
1036 4097 1137 4146 titulum
1157 4097 1181 4144 in
1202 4093 1263 4160 ’Em
1293 4091 1355 4158 ἀρχ.

130 4167 200 4216 3818
205 4234 211 4252 ν
235 4204 240 4215 .
261 4203 268 4217 .
287 4203 294 4219 .
314 4164 444 4226 ,Ἔδοξεν
466 4172 517 4222 τοῖς
536 4164 676 4232 διαιτηταῖς
707 4163 837 4217 ἐπαινέσαι
868 4164 914 4217 καὶ
941 4172 1107 4234 στεφανῶσαι
1133 4163 1227 4222 αὐτοὺς
1254 4164 1367 4216 naraon·

130 4253 259 4374 ‘'wllalz‘l
273 4307 367 4372 nergk,
386 4308 415 4361 z.
434 4307 450 4358 ι.
470 4309 494 4360 d.
515 4309 548 4360 A.
568 4309 610 4362 w.
632 4309 708 4371 1849,
726 4325 752 4375 p.
772 4309 830 4360 nm.
850 4310 941 4364 mern.
962 4312 1027 4362 nus.
1048 4310 1108 4363 vn.
1127 4327 1153 4376 p.
1176 4309 1226 4360 130
1244 4325 1282 4375 sq.

174 4379 197 4446 ⁰)
217 4379 246 4429 C.
267 4380 287 4430 1.
308 4378 352 4429 Gr.
373 4379 395 4443 1,
417 4379 474 4430 172.
512 4378 541 4430 C.
561 4379 582 4430 1.
602 4380 634 4430 A.
655 4379 691 4442 11,
711 4380 735 4442 2,
753 4397 778 4446 p.
798 4381 857 4432 359.

178 4447 200 4516 1)
218 4449 403 4500 Wochenschr.
422 4450 439 4501 l.
458 4450 493 4500 kl.
512 4450 603 4500 Philol.
622 4451 672 4512 III,
690 4467 715 4516 p.
734 4446 840 4516 521l22.

176 4520 206 4588 ε)
225 4521 384 4586 Quamquam
403 4536 434 4570 ea
461 4536 502 4570 res
522 4521 604 4571 minus
623 4531 696 4571 certa
721 4529 771 4586 est,
797 4538 871 4586 quam
899 4522 984 4586 Bergk
1002 4531 1084 4587 putat.
1122 4525 1190 4574 Nam
1218 4541 1269 4574 non
1297 4525 1367 4585 plus.

132 4608 208 4657 quam
227 4594 334 4642 duarum
355 4592 462 4642 tribuum
480 4593 583 4642 tabulae
602 4595 727 4658 integrae,
746 4600 848 4644 ceterae
866 4594 891 4642 in
911 4593 961 4644 tine
980 4595 1109 4645 mutilatae
1129 4608 1196 4646 sunt.
